2560 3699
1103 292 1380 332 „12—

58 419 220 468 tentias,
252 431 428 471 quarum
459 415 775 456 similitudinem
809 416 1023 467 miramur,
1056 416 1155 457 satis
1189 417 1446 470 explicatum
1492 422 1716 471 praeterea
1747 418 1873 459 etiam
1904 419 2134 460 maximam
2175 421 2430 463 scholiorum

56 491 289 528 nostrorum
322 488 485 537 partem
518 498 571 524 ex
603 483 762 524 Donati
793 484 1040 524 commentis
1071 484 1251 537 petitam
1283 499 1374 525 esse
1407 485 1634 526 verisimile
1666 486 1725 526 fit.
1800 485 1997 527 Eundem
2024 487 2273 541 magistrum
2305 489 2433 530 etiam

56 569 129 595 suo
161 553 330 606 ingenio
364 553 517 592 fretum
552 551 741 591 Terentii
773 551 905 592 verba
935 552 1169 592 illustrasse
1204 552 1318 593 haud
1350 553 1508 605 exiguo
1541 554 1710 594 illorum
1732 554 1920 594 locorum
1947 568 2122 595 numero
2146 555 2431 608 confirmatur,

55 622 125 661 ubi
158 621 280 660 binae
312 619 546 660 sententiae
579 618 631 659 de
663 618 823 658 eisdem
855 623 1007 672 poetae
1030 619 1171 660 verbis
1203 624 1276 660 aut
1307 635 1458 674 parum
1490 621 1599 662 inter
1630 635 1673 662 se
1705 620 1861 662 similes
1893 625 1966 662 aut
1996 635 2165 676 prorsus
2196 623 2432 664 contrariae

53 690 252 741 leguntur
285 687 351 738 (cf.
385 687 527 727 scholl.
560 685 613 726 ad
645 686 778 727 Andr.
812 686 845 726 Ι.
872 687 906 726 1.
926 686 998 737 753
1032 687 1111 728 III.
1137 687 1174 727 2.
1199 688 1244 738 63
1267 687 1375 728 Eun.
1401 688 1434 729 I.
1460 690 1494 729 1.
1519 690 1592 741 283
1618 689 1674 729 II.
1699 690 1735 730 2.
1755 689 1829 741 25,
1853 689 1929 730 IV.
1949 689 1987 729 4.
2015 690 2078 742 18,
2103 690 2176 741 243
2200 690 2276 731 IV.
2295 691 2332 731 7.
2355 691 2432 743 163

51 756 131 797 Ad.
155 755 234 795 ΠΙ.
257 756 293 796 3.
319 755 391 806 69;
424 754 530 794 Hec.
555 753 609 794 ΙΙ.
638 755 672 794 1.
699 755 740 805 1;
775 754 853 794 III.
879 754 915 794 2.
944 755 1013 806 183
1046 753 1125 795 ΙΙΙ.
1148 757 1186 795 4.
1214 756 1288 807 16;
1310 755 1386 796 IV.
1415 757 1449 798 1.
1472 756 1548 809 553
1583 757 1659 798 IV.
1683 758 1720 797 2.
1745 758 1819 810 293
1844 758 2015 799 Phorm.
2039 757 2072 798 I.
2096 758 2137 798 2.
2155 757 2212 799 54
2233 760 2331 810 etc.)
2364 758 2432 800 Ex

51 824 114 866 his
146 838 246 864 num
278 822 479 863 nonnulla
510 821 580 862 ille
610 822 813 875 magister
845 838 899 863 ex
932 822 1136 863 Euanthii
1170 825 1466 865 commentaris
1509 830 1715 879 excerpta
1752 826 1872 866 nobis
1911 825 2148 875 tradiderit,
2190 826 2231 866 in
2271 826 2431 868 incerto

50 891 375 946 relinquendum
408 894 482 930 est.
543 889 654 930 Nam
693 905 790 931 cum
829 906 852 931 a
883 892 998 932 nullo
1039 892 1244 945 scriptore
1292 897 1463 946 praeter
1495 893 1696 934 Rufinum
1728 894 2076 935 Antiochiensem
2116 893 2346 947 quidquam
2378 908 2433 935 ex

50 959 160 1000 illius
190 958 354 1012 scriptis
386 957 603 1007 afferatur,
638 959 806 999 omnino
829 959 998 999 videtur
1020 959 1196 999 dubium
1219 973 1323 1011 esse,
1357 975 1458 1000 num
1489 962 1600 1001 illius
1636 962 1975 1012 ,commentarius
1996 960 2200 1002 Terentii'
2234 962 2300 1012 (cf.
2325 976 2364 1016 p.
2387 962 2431 1012 3)

49 1028 200 1068 iustam
231 1026 494 1079 singularum
527 1026 767 1066 fabularum
802 1027 1113 1080 verborumque
1147 1032 1299 1080 poetae
1332 1029 1729 1082 interpretationem
1762 1029 2017 1070 exhibuerit.

251 1094 317 1135 De
349 1094 462 1135 tertii
496 1094 789 1135 commentarii
821 1099 1008 1147 auctore,
1041 1095 1160 1135 cuius
1192 1096 1351 1136 scholia
1382 1110 1476 1136 cum
1508 1096 1666 1136 Donati
1700 1101 1741 1137 et
1772 1097 2057 1151 compilatoris
2100 1098 2212 1138 illius
2244 1098 2433 1152 explica-

49 1163 231 1204 tionibus
264 1163 439 1203 confusa
470 1167 579 1213 sunt,
613 1162 720 1202 sicut
752 1162 803 1203 de
837 1167 1009 1203 auctore
1043 1163 1323 1204 enarrationis
1347 1164 1457 1204 illius
1490 1163 1542 1204 de
1566 1165 1797 1215 comoedia,
1830 1179 1958 1218 quam
1991 1168 2098 1205 inter
2130 1168 2357 1206 tractatum
2379 1165 2432 1207 de

48 1236 153 1284 trag.
187 1234 229 1271 et
260 1244 364 1271 00111.
399 1234 440 1271 01
471 1230 630 1271 Donati
663 1231 951 1284 fragmentum
983 1231 1034 1272 de
1068 1245 1173 1271 com.
1207 1232 1500 1285 interpositam
1533 1231 1652 1272 nobis
1675 1233 1867 1272 relictam
1899 1247 1990 1273 esse
2013 1247 2141 1286 supra
2174 1234 2226 1287 (p.
2252 1234 2297 1285 6)
2329 1233 2434 1275 vidi-

48 1312 151 1350 mus,
185 1299 420 1339 accuratius
453 1298 683 1352 quidquam
716 1312 769 1339 ex
802 1299 1050 1339 commentis
1093 1300 1339 1340 enuncleari
1386 1314 1469 1340 non
1512 1304 1669 1354 potest,
1720 1304 1861 1341 tamen
1904 1300 1956 1341 ad
1995 1301 2107 1341 hunc
2148 1302 2433 1355 magistellum

47 1366 214 1407 videtur
250 1366 435 1407 maxima
472 1367 640 1408 illarum
680 1367 986 1408 sententiarum
1033 1367 1284 1421 plerumque
1334 1368 1678 1409 brevissimarum
1724 1383 1822 1422 pars
1861 1368 2088 1409 referenda
2128 1382 2232 1418 esse,
2280 1369 2432 1424 quibus

47 1435 210 1489 figurae
241 1435 310 1476 vel
342 1435 444 1476 vitia
475 1434 675 1476 orationis
706 1439 929 1485 notantur,
972 1436 1012 1476 in
1046 1436 1198 1489 quibus
1231 1436 1414 1489 plurima
1445 1436 1646 1489 leguntur
1685 1437 1831 1490 inepta
1871 1441 1998 1491 atque
2037 1436 2235 1489 absurda,
2267 1450 2377 1491 quae
2408 1451 2433 1478 a

47 1501 215 1544 Donato
247 1517 417 1556 prorsus
449 1503 719 1544 abhorreant.
782 1503 1013 1557 (Exempla
1045 1518 1081 1544 v.
1117 1503 1231 1557 apud
1262 1504 1481 1544 Hahnium
1513 1504 1538 1544 l.
1572 1519 1611 1558 p.
1644 1505 1669 1544 7
1702 1505 1746 1555 l.)

250 1571 411 1612 Octavo
452 1571 535 1612 iam
575 1587 610 1623 p.
645 1571 742 1612 Chr.
777 1572 947 1613 saeculo
988 1572 1115 1612 trium
1156 1573 1307 1612 horum
1350 1573 1750 1613 commentariorum
1793 1574 2084 1614 enarrationes
2127 1577 2254 1614 antea
2285 1586 2307 1613 e
2341 1586 2433 1626 per-

47 1643 175 1693 petuo
207 1654 281 1680 suo
314 1633 461 1680 ordine
494 1644 662 1693 ereptas
703 1639 981 1692 codicumque
1021 1640 1287 1693 quorundam
1327 1640 1589 1693 marginibus
1636 1641 1841 1694 ascriptas
1888 1641 1929 1681 in
1971 1655 2102 1681 unum
2144 1654 2296 1694 corpus
2337 1653 2434 1681 con-

46 1712 188 1761 gestas
219 1707 348 1748 fuisse
380 1707 548 1749 scholiis
580 1707 734 1748 codicis
766 1708 967 1749 Bembini
1007 1708 1060 1748 ad
1102 1709 1207 1762 prol.
1243 1712 1284 1749 et
1315 1707 1344 1748 I.
1373 1710 1390 1747 1
1426 1709 1694 1749 Phormionis
1742 1709 1912 1750 fabulae
1960 1723 2087 1750 manu
2126 1708 2238 1749 illius
2276 1708 2435 1749 saeculi

48 1776 233 1817 exaratis
266 1775 577 1830 comprobatur,
611 1790 719 1829 quae
753 1790 848 1818 cum
881 1777 940 1817 eis
972 1776 1153 1824 scholiis,
1187 1790 1296 1829 quae
1328 1776 1449 1817 nobis
1480 1777 1557 1817 sub
1590 1777 1746 1818 Donati
1788 1778 1956 1818 nomine
1988 1778 2136 1818 relicta
2176 1781 2286 1826 sunt,
2325 1775 2432 1817 adeo

49 1848 300 1897 congruunt,
334 1848 379 1884 ut
410 1859 435 1885 a
465 1844 636 1885 librario
670 1845 854 1899 quodam
894 1859 947 1885 ex
981 1845 1061 1885 illis
1094 1845 1350 1898 transcripta
1382 1859 1432 1886 ea
1464 1859 1555 1886 esse
1588 1850 1921 1886 consentaneum
1953 1846 2006 1886 sit
2039 1845 2110 1897 (cf.
2144 1845 2191 1885 F.
2225 1844 2432 1898 ‘Umpfen-

46 1911 154 1952 bach
189 1912 296 1963 „Die
330 1912 529 1953 Scholien
561 1912 634 1953 des
667 1912 815 1954 Codex
850 1913 1086 1954 Bembinus
1120 1927 1213 1953 zum
1246 1913 1498 1953 Terentius“
1534 1913 1683 1954 Herm.
1718 1913 1783 1954 ed.
1807 1913 1999 1954 Hiibner.
2033 1913 2089 1953 ΙΙ.
2122 1928 2163 1968 p.
2196 1913 2279 1953 376
2311 1913 2431 1967 sqq).

48 1980 140 2027 Quo
172 1980 213 2021 in
245 1981 416 2034 negotio
448 1981 518 2022 ille
551 1979 609 2021 sic
641 1987 833 2023 versatus
866 1987 940 2034 est,
974 1988 1020 2022 ut
1051 1983 1191 2035 primo
1225 1981 1384 2022 scholia
1423 1986 1621 2022 accurate
1654 1981 1707 2022 ad
1741 1982 1919 2022 verbum
1950 1981 2163 2034 redderet,
2197 1980 2351 2022 deinde
2383 1994 2434 2021 ea

46 2062 155 2103 quae
187 2049 473 2090 commodiora
503 2049 582 2090 sibi
614 2049 861 2091 viderentur
893 2050 1073 2103 eligeret
1108 2051 1364 2103 saepiusque
1397 2050 1680 2101 contraheret,
1721 2049 1821 2090 dum
1859 2065 2004 2091 rursus
2042 2049 2256 2090 scribendi
2286 2049 2432 2090 labore

48 2117 249 2170 fatigatus
280 2117 545 2169 glossematis
578 2117 686 2158 sicut
717 2119 758 2158 in
793 2119 945 2159 ceteris
986 2118 1142 2158 fabulis
1183 2122 1333 2172 poetae
1374 2117 1506 2158 verba
1551 2118 1764 2158 illustrare
1808 2119 1909 2159 satis
1950 2118 2137 2158 haberet.
2198 2117 2433 2158 Praeterea

46 2185 199 2225 mirum
235 2191 297 2225 est
330 2185 371 2225 in
402 2186 465 2225 his
497 2185 654 2226 codicis
687 2186 882 2226 Bembini
914 2187 1082 2227 scholiis
1115 2187 1318 2227 nonnulla
1350 2186 1543 2237 inveniri,
1587 2200 1696 2240 quae
1741 2187 1937 2228 uberiora
1983 2191 2080 2227 sunt
2118 2186 2200 2226 illis
2239 2199 2348 2239 quae
2391 2186 2434 2225 in

47 2253 126 2294 hoc
157 2257 298 2294 nostro
331 2254 500 2294 Donato
532 2254 730 2308 leguntur
763 2255 836 2304 (cf.
870 2255 978 2294 inter
1011 2269 1054 2294 50
1087 2255 1232 2295 5011011.
1266 2254 1319 2294 ad
1354 2252 1519 2295 Phorm.
1555 2254 1659 2308 prol.
1693 2255 1748 2295 20
1780 2260 1821 2296 et
1853 2255 1939 2308 26).
2001 2254 2126 2295 Unde
2170 2253 2433 2307 intellegitur

49 2321 175 2362 etiam
205 2325 353 2375 postea
383 2321 578 2362 librarios
610 2322 652 2362 in
685 2321 974 2363 describendis
1006 2323 1184 2376 singulis
1207 2323 1428 2363 sententiis
1461 2323 1757 2377 neglegentius
1788 2338 1880 2364 sese
1913 2323 2109 2377 gessisse,
2141 2321 2195 2362 ad
2216 2321 2433 2362 libidinem

47 2403 165 2430 suam
196 2389 354 2430 scholia
385 2389 554 2442 saepius
587 2390 640 2430 ad
671 2404 839 2431 sensum
873 2390 997 2431 modo
1031 2390 1280 2439 reddidisse,
1315 2405 1618 2444 nonnunquam
1650 2392 1778 2431 etiam
1809 2392 1894 2432 suis
1926 2392 2114 2445 ipsorum
2135 2389 2433 2431 additamentis

49 2458 249 2506 (maxime
281 2457 472 2498 versibus
505 2457 777 2512 Vergilianis,
815 2473 994 2513 quorum
1028 2459 1177 2511 ingens
1210 2459 1252 2498 in
1284 2459 1437 2499 nostris
1477 2460 1726 2501 commentis
1766 2474 1966 2500 numerus
2008 2459 2207 2507 affertur)
2247 2457 2430 2509 auxisse,

49 2525 258 2579 quaedam
292 2540 392 2566 vero
424 2526 466 2566 in
498 2530 615 2566 tanta
647 2527 903 2568 scholiorum
942 2526 1214 2567 multitudiue
1254 2540 1427 2580 prorsus
1471 2528 1671 2569 omisisse.
1735 2528 1860 2575 Quod
1907 2528 2136 2581 praecipue
2183 2525 2260 2566 sub
2305 2526 2434 2566 finem

49 2593 310 2646 singularum
341 2593 580 2634 fabularum
613 2594 781 2635 videtur
813 2594 971 2635 factum
1004 2609 1111 2647 esse,
1145 2595 1218 2634 ubi
1250 2595 1384 2634 rarius
1409 2596 1645 2636 sententiae
1668 2596 1731 2636 bis
1753 2602 1872 2636 terve
1905 2595 2113 2649 repetitae
2145 2594 2430 2635 inveniuntur.

50 2660 237 2700 Maxime
269 2661 374 2702 haec
405 2676 472 2702 res
504 2662 546 2702 in
578 2663 720 2704 oculos
752 2663 928 2704 incurrit
960 2665 1002 2703 in
1035 2663 1295 2703 Phormione
1338 2662 1496 2714 fabula,
1536 2664 1577 2703 in
1611 2678 1736 2717 quam
1768 2678 1792 2704 a
1823 2664 1947 2704 tertio
1979 2677 2111 2716 usque
2154 2661 2208 2703 ad
2240 2662 2433 2716 quintum

51 2733 189 2768 actum
219 2729 430 2780 librarius,
462 2730 533 2783 qui
565 2730 642 2771 hoc
674 2736 863 2772 nostrum
895 2745 1047 2785 eorpus
1081 2731 1235 2784 coegit,
1276 2731 1393 2783 quasi
1434 2730 1624 2772 defessus
1666 2732 1824 2772 scholia
1866 2731 2095 2772 maximam
2135 2734 2301 2784 partem
2339 2730 2432 2771 bre-

52 2796 220 2837 vissima
252 2811 299 2837 ac
332 2811 432 2850 prae
465 2802 703 2839 ceterorum
735 2804 1070 2840 commentorum
1104 2799 1226 2852 copia
1258 2799 1388 2839 exilia
1420 2799 1535 2839 nobis
1567 2800 1749 2853 reliquit.

253 2865 374 2906 Haec
412 2866 514 2906 mihi
556 2866 607 2906 de
640 2869 889 2909 auctoritate
928 2868 1198 2916 scholiorum,
1246 2881 1354 2920 quae
1401 2867 1478 2907 sub
1516 2867 1631 2907 Aelii
1661 2867 1821 2908 Donati
1859 2867 2027 2907 nomine
2061 2867 2429 2915 circumferuntur,

52 2931 171 2972 firma
202 2933 385 2986 quadam
416 2934 482 2974 via
513 2940 638 2988 atque
671 2936 834 2976 ratione
867 2936 1121 2976 videbantur
1156 2935 1424 2989 comprobari
1456 2949 1597 2989 posse,
1633 2935 1783 2976 eodem
1816 2949 1916 2975 vero
1949 2935 2072 2976 modo
2100 2938 2217 2975 certa
2238 2934 2429 2988 proferre

54 3005 305 3051 argumenta
337 3005 378 3041 et
408 3001 575 3053 indicia,
608 3003 759 3056 quibus
791 3004 1053 3057 singulorum
1094 3008 1475 3044 commentatorum
1522 3003 1758 3043 sententiae
1806 3003 2035 3056 praecipue
2074 3002 2233 3043 Donati
2278 3001 2430 3042 discer-

55 3070 256 3106 nerentur
288 3072 413 3120 atque
446 3074 710 3121 eruerentur,
744 3071 901 3110 frustra
933 3076 1106 3111 conatus
1142 3085 1247 3111 sum.
1312 3069 1459 3124 Itaque
1491 3071 1591 3111 satis
1624 3085 1704 3124 ego
1737 3070 1874 3111 habeo
1915 3071 1956 3111 in
1989 3085 2033 3111 re
2065 3071 2250 3111 maxime
2288 3070 2429 3121 dubia,

55 3131 98 3170 in
130 3146 212 3185 qua
243 3134 476 3175 cavendum
509 3142 582 3184 est,
615 3151 668 3178 ne
709 3139 959 3178 coniecturis
991 3139 1166 3178 nimium
1209 3138 1480 3188 confidamus,
1522 3144 1564 3179 et
1603 3139 1920 3179 enarrationum
1959 3139 2010 3179 de
2049 3137 2281 3190 comoedia,
2321 3150 2430 3190 quae

58 3199 224 3240 scholiis
255 3202 516 3254 antepositae
548 3210 657 3256 sunt,
690 3209 731 3245 et
762 3206 951 3258 ipsorum
983 3206 1240 3247 scholiorum
1274 3207 1565 3248 condicionem
1599 3207 1834 3247 accuratius
1866 3220 2009 3247 rursus
2041 3205 2329 3246 illustravisse.
