2560 3699
1106 227 1383 266 „21—

63 357 392 411 diversumque',
422 355 622 396 mendum
653 352 820 394 videtur
850 353 1002 403 latere3
1041 349 1249 391 sententia
1280 348 1462 403 denique
1496 354 1551 398 ‚et
1581 349 1671 390 fere
1701 350 1780 390 hoc
1810 349 1933 390 modo
1965 351 2078 405 apud
2108 350 2210 392 alios
2241 366 2265 392 a
2294 350 2429 405 poetis

66 425 237 468 nomina
267 427 575 478 componuntur
607 420 884 462 describenda
914 434 991 473 per
1023 421 1262 473 ἀντίφρασιν,
1295 417 1405 470 quod
1439 416 1632 470 designat
1659 417 1825 458 Storax'
1857 419 1983 471 plane
2014 418 2198 459 absurda
2228 422 2302 459 est,
2363 418 2429 459 Ne

64 495 214 548 longus
245 491 340 534 sim:
372 495 506 532 totum
537 489 676 530 locum
706 487 763 529 sic
794 487 993 528 emendo:

271 558 455 611 Stoma]
507 555 688 598 Nomina
718 569 995 610 personarum
1027 585 1034 592 .
1070 586 1077 593 ,
1118 585 1126 592 .
1161 585 1169 592 .
1202 551 1361 592 habere
1393 551 1550 592 debent
1580 552 1787 594 rationem
1818 557 1860 594 et
1891 552 2201 608 etymologiam.
2260 552 2430 594 Etenim

69 628 301 669 absurdum
332 631 393 667 est
415 624 621 667 comicum
652 627 770 677 apte
803 625 1055 676 argumenta
1086 620 1207 661 conf
1215 620 1262 659 in
1273 623 1473 672 gentem
1504 620 1572 659 vel
1594 635 1748 661 nomen
1780 635 1986 675 personae
2017 620 2298 676 incongruum
2328 621 2429 662 dare

67 696 135 736 vel
157 694 353 747 officium,
387 693 498 747 quod
529 691 580 732 sit
611 705 635 731 a
665 689 834 731 nomine
867 689 1091 730 diversum.
1153 686 1266 727 Hinc
1289 700 1434 727 servus
1458 686 1593 727 fidelis
1624 688 1835 730 Parmeno
1867 721 1875 729 .
1901 726 1909 734 ‚
1933 721 1941 728 .
1968 723 1974 730 .
2008 694 2050 730 et
2080 704 2186 743 puer
2217 689 2270 730 ab
2302 689 2430 730 odore

69 763 224 804 Storax
256 763 324 803 vel
356 777 380 802 a
400 761 498 801 ludo
522 764 564 800 et
585 775 609 800 a
630 757 951 813 gesticulatione
984 755 1260 805 Scirtusff)
1311 753 1359 794 In
1382 753 1532 807 quibus
1554 769 1762 796 summum
1783 762 1935 810 poetae
1957 756 2105 798 vitium
2127 761 2199 804 est,
2231 756 2265 798 si
2288 756 2388 811 quid
2409 772 2433 798 a

65 832 368 872 charactere
388 841 628 882 repugnans
646 825 900 867 contrarium
917 823 1214 877 diversumque
1237 822 1474 876 protulerit,
1497 821 1574 862 nisi
1593 826 1669 863 etc.
1704 823 1760 864 Et
1781 824 1870 865 fere
1894 826 1972 866 hoc
1993 825 2116 866 modo
2139 839 2200 879 ap
2214 825 2279 865 ud
2301 823 2401 866 alio
2415 840 2432 865 s

66 897 224 940 etiam
255 901 441 952 poetas
471 893 640 936 nomina
670 897 978 947 componuntur
1009 890 1370 933 describentia
1400 903 1477 942 per
1509 890 1815 945 ἀντίφρασιν,
1846 892 1959 945 quod
1990 892 2281 946 designant.

269 964 359 1006 Iam
380 977 534 1004 novum
555 961 701 1016 incipit
722 961 938 1013 scholium,
963 975 1058 1001 cum
1080 956 1457 1014 praescribendum
1480 961 1541 997 est
1562 957 1735 1000 lemma:
1766 959 1853 1000 Sto
1867 957 1986 1014 rax]
2012 959 2180 1001 Primae
2202 964 2344 1014 partes
2366 993 2375 1003 .
2394 993 2402 1001 .
2424 995 2430 1001 .

65 1048 92 1074 a
113 1033 281 1075 senibus
313 1035 495 1086 aguntur
526 1034 604 1073 ete.

981 1109 1164 1162 Adelph.
1201 1107 1233 1147 I.
1271 1108 1304 1147 l.
1343 1103 1405 1143 19.
1438 1120 1525 1165 sqq.

610 1178 797 1219 Uxorem
828 1190 1056 1228 numquam
1087 1176 1226 1217 habui.
1274 1174 1345 1217 ille
1380 1185 1525 1221 Contra
1555 1179 1660 1218 haec
1691 1174 1850 1217 omnia:

609 1244 716 1286 Ruri
747 1259 876 1299 agere
909 1243 1049 1296 vitam,
1083 1259 1251 1299 semper
1283 1262 1410 1301 parce
1442 1262 1490 1289 ae
1522 1243 1683 1287 duriter

612 1313 666 1353 Se
699 1313 869 1353 habere.
903 1326 1082 1352 uxorem
1114 1310 1255 1355 duxit:
1288 1315 1376 1356 nati
1407 1314 1481 1356 filii

609 1381 726 1421 Duo:
760 1380 857 1421 inde
890 1395 969 1434 ego
1002 1381 1113 1421 hunc
1146 1386 1347 1423 maiorem
1381 1381 1581 1437 adoptavi
1612 1379 1725 1422 mihi.

276 1461 454 1502 Umorem
487 1460 634 1513 ducein]
682 1459 985 1500 Adiuvandum
1016 1460 1357 1513 pronuntiatione
1391 1466 1477 1512 est,
1520 1476 1574 1502 ne
1595 1459 1761 1514 singula
1782 1458 1978 1513 utrinque
2000 1457 2180 1500 assecuti
2202 1457 2435 1499 videantur.

69 1529 180 1571 Nam
212 1528 269 1570 sic
299 1528 342 1569 in
372 1529 454 1569 fine
487 1528 657 1568 fabulae
688 1527 746 1568 ait
776 1527 959 1568 Demea:
999 1527 1177 1568 Uror-em
1200 1531 1322 1570 clun:
1357 1545 1485 1583 quam
1517 1529 1575 1568 iba·
1596 1528 1808 1568 miseriam
1832 1527 1940 1567 vicli!
1970 1528 2062 1566 nati
2079 1527 2176 1575 fi'l1ii5
2209 1527 2295 1567 alia
2319 1542 2434 1567 cura.

273 1595 492 1638 Sententia
522 1609 588 1648 ,ne
621 1594 787 1649 singula
819 1594 1016 1648 utrinque
1039 1596 1216 1637 assecuti
1238 1596 1475 1638 videantur'
1509 1598 1633 1651 plane
1657 1600 1854 1647 corrupta
1875 1599 1949 1635 est.
1997 1593 2264 1636 Emendandi
2294 1609 2438 1636 ansam

73 1665 279 1718 praebent
310 1664 442 1705 verba
471 1663 680 1704 Demeae:
729 1663 934 1713 ,Uxorem
966 1662 1089 1704 duxi:
1137 1679 1262 1717 quam
1294 1665 1351 1706 ibi
1383 1664 1595 1706 miseriam
1633 1663 1738 1705 vidi!
1786 1663 1873 1704 nati
1903 1661 1996 1703 filii:
2031 1661 2114 1703 alia
2145 1662 2271 1704 cura'.
2331 1662 2437 1703 Inde

70 1731 252 1773 efficitur
292 1736 666 1773 commentatorem
710 1730 804 1772 ideo
854 1732 984 1772 verba
1030 1732 1372 1786 pronuntiatione
1419 1733 1659 1774 adiuvanda
1705 1745 1796 1773 esse
1842 1730 2066 1784 monuisse,
2113 1735 2159 1771 ut
2199 1735 2437 1784 appareret,

70 1805 273 1854 quantam
304 1814 449 1841 curam
480 1798 648 1840 Micioni
679 1799 844 1840 Demea
874 1799 1027 1853 nupliis
1067 1799 1151 1841 suis
1183 1800 1400 1842 videretur
1445 1801 1634 1842 subiisse.
1697 1800 1781 1840 Pro
1828 1798 2021 1852 ,singula'
2063 1813 2164 1852 ergo
2210 1798 2439 1852 legendum

70 1872 155 1908 est:
187 1866 292 1920 ,sine
325 1867 461 1909 cura'.·
514 1868 746 1908 Praeterea
777 1867 857 1914 .ne⁷
890 1867 1184 1909 dissecandum
1216 1873 1277 1908 est
1309 1867 1351 1909 in
1389 1870 1415 1910 fi
1448 1874 1489 1910 et
1521 1875 1556 1919 ὗ,
1589 1882 1696 1922 quae
1739 1866 1911 1922 quidem
1952 1865 2203 1921 compendia
2248 1866 2358 1919 ,non’
2399 1872 2440 1907 et

72 1934 210 1987 ,enim'
242 1935 492 1990 significant.
540 1935 669 1976 Totus
699 1934 828 1988 igitur
859 1935 975 1976 loeus
1006 1935 1063 1977 sic
1095 1935 1380 1977 restituendus
1413 1941 1492 1977 est:
1530 1936 1708 1977 Umorem
1740 1935 1828 1988 etan]
1871 1934 2172 1976 Adiuvandum
2193 1933 2438 1988 pronuntia-

70 2003 185 2045 tione
217 2008 300 2055 est3
332 2018 436 2044 non
468 2004 600 2044 enim
629 2004 742 2044 sine
775 2018 903 2044 cura
933 2009 1214 2058 utrumque
1247 2010 1524 2045 assecutus
1556 2005 1602 2045 ei
1634 2003 1866 2044 videtur.
1926 2001 2037 2042 Nam
2067 2001 2125 2043 sic
2156 2007 2235 2043 etc.

982 2106 1160 2161 Adelph.
1194 2105 1245 2146 ΙΙ.
1280 2107 1317 2147 4.
1353 2107 1416 2147 10.
1449 2121 1536 2161 sqq.

478 2173 560 2221 Ah,
593 2173 770 2215 stultitia
801 2179 863 2215 est
898 2174 1040 2227 istaec,
1073 2189 1155 2215 non
1189 2174 1344 2228 pudor:
1378 2179 1464 2215 tam
1496 2175 1548 2216 ob
1582 2174 1800 2227 parvolam

478 2240 586 2281 Rem
617 2256 754 2295 paene
786 2256 809 2282 0
841 2241 996 2295 patria!
1030 2248 1153 2294 turpe
1186 2241 1320 2291 dictu:
1353 2242 1453 2283 deos
1485 2256 1655 2296 quaeso⁷
1688 2246 1732 2282 ut
1762 2240 1893 2282 istaec
1924 2240 2189 2295 prohibeant.

285 2319 389 2360 Tam
422 2319 470 2360 ol>
498 2322 720 2374 parvolam
752 2321 865 2374 wem]
918 2321 1033 2376 Ergo
1066 2320 1336 2362 deminutivis
1367 2320 1612 2375 adiungitur
1644 2329 1726 2361 tam
1758 2319 1976 2375 particula.
2037 2320 2093 2361 Et
2131 2320 2249 2362 deest
2288 2320 2440 2375 perire,

70 2387 148 2429 sed
178 2393 235 2439 τῷ
268 2390 501 2443 εὐφημισμῶ
532 2393 708 2430 tacetur.
1151 2383 1156 2386 .

276 2456 418 2509 Lege:
450 2455 625 2510 Vulgo
658 2456 926 2498 deminutivis
957 2457 1201 2510 adiungitur
1234 2466 1318 2497 tam
1350 2457 1557 2511 particula
1589 2462 1630 2498 et
1661 2457 1779 2498 deest
1810 2457 1887 2497 ire
1920 2461 1998 2498 etc.

966 2547 1148 2602 Adelph.
1182 2547 1260 2588 ΙΠ.
1293 2549 1331 2587 2.
1363 2548 1431 2589 55.
1463 2563 1551 2603 sqq.

886 2616 1077 2670 Propera
1109 2621 1167 2668 tu⁷
1199 2630 1293 2657 mea
1325 2616 1552 2666 Canthara,

347 2681 495 2730 Curre,
527 2681 796 2723 obstetricem
827 2697 995 2724 accerse
1029 2692 1106 2724 etc.

282 2759 442 2813 Carra]
504 2760 605 2802 Mire
638 2760 796 2802 dictum
828 2767 889 2802 est
929 2762 1129 2803 ancillae:
1181 2762 1324 2804 Curre.

279 2827 491 2869 Ancillam
520 2828 653 2870 iuberi
686 2844 857 2871 currere
889 2844 972 2871 non
1005 2836 1068 2872 est
1089 2830 1261 2883 mirum:
1294 2832 1413 2885 lege:
1448 2830 1569 2884 ,Mire
1592 2831 1749 2872 dictum
1771 2835 1834 2871 est
1864 2831 2126 2872 aniculae:
2163 2829 2320 2871 (ΛΜ-γε’.
2358 2830 2440 2883 (Of.

74 2894 132 2937 ib.
164 2894 239 2936 ΙΙΙ.
266 2897 299 2935 1.
328 2896 361 2935 l.
415 2894 528 2945 Quid
557 2914 668 2938 mmo
699 2897 794 2951 sica]
830 2930 837 2937 .
863 2932 869 2939 .
899 2913 1138 2952 ..namque
1170 2899 1280 2940 illius
1312 2899 1456 2940 nutrix
1489 2904 1551 2940 est
1584 2902 1653 2950 (sc.
1688 2899 1931 2952 Canthara),
1964 2897 2120 2953 quippe
2151 2897 2318 2939 anicula
2348 2897 2442 2951 est.)

1043 2990 1228 3043 Adelph.
1264 2989 1333 3030 IV.
1365 2991 1403 3031 5.
1438 2991 1474 3031 9.

986 3056 1181 3110 Erubuit,
1214 3059 1330 3099 salva
1362 3073 1427 3099 res
1460 3063 1535 3099 est.

280 3132 463 3174 Erubuit
494 3134 586 3188 eta]
634 3133 768 3176 Nimis
799 3140 977 3189 paterna
1007 3136 1216 3177 sententia
1248 3170 1257 3177 .
1283 3170 1291 3178 .
1315 3170 1322 3177 .
1349 3171 1357 3179 .
1390 3138 1445 3178 Et
1478 3136 1620 3190 quanti
1651 3137 1828 3178 affectus
1868 3141 1929 3177 est
1970 3150 2053 3177 non
2088 3135 2242 3177 dixisse
2284 3135 2443 3176 crubuit

74 3201 220 3242 salvus
257 3210 336 3251 cst,
386 3201 460 3242 sed
498 3203 615 3242 salva
654 3216 718 3243 res
757 3206 815 3244 est
845 3237 852 3244 .
879 3238 885 3244 .
910 3237 918 3244 .
943 3237 952 3245 .
985 3203 1148 3245 Eodem
1186 3204 1323 3247 animo
1363 3211 1404 3246 et
1436 3220 1564 3259 supra
1602 3204 1726 3245 dixit:
1775 3205 1824 3244 ln
1856 3219 1899 3245 eo
1931 3220 1991 3244 me
2023 3204 2189 3256 oblecto,
2229 3202 2360 3243 solum
2400 3204 2444 3242 z‘cl

277 3358 312 3402 ss)
338 3358 394 3392 Sic
419 3363 513 3393 recte
539 3360 739 3394 emendavit
763 3361 945 3394 Bentleius
972 3361 1031 3400 (cf.
1059 3361 1231 3396 Dziatzko
1259 3362 1445 3405 „Beitrage
1471 3367 1558 3396 etc.“
1585 3373 1617 3405 1).
1637 3363 1717 3404 668)
1742 3361 1836 3404 quod
1862 3361 1951 3404 fugit
1969 3360 2188 3403 Koenigium,
2214 3359 2274 3402 qui
2300 3358 2443 3392 eandem

72 3414 313 3450 coniecturam
337 3416 374 3450 in
399 3417 487 3451 Nov.
513 3418 605 3450 Anu.
633 3417 856 3452 Fleckeiseni
883 3417 1006 3451 CXXI.
1034 3429 1066 3462 p.
1093 3420 1160 3453 590
1184 3419 1342 3462 protulit.

2177 3473 2219 3507 3*
