2560 3699
1097 257 1264 297 -17
1323 281 1376 286 --

55 383 216 434 fuerat,
255 384 488 437 ingenuum
529 383 668 423 celare
700 382 924 422 tristitiam.
985 381 1135 435 Itaque
1168 395 1246 422 nec
1278 382 1332 422 ad
1363 383 1536 436 plenum
1568 383 1695 423 tristis
1726 383 1827 434 fuit,
1866 384 1964 437 quia
1995 384 2103 425 dixit
2141 386 2316 426 celanda
2356 401 2419 427 res

53 459 163 504 erat,
194 465 273 493 nec
304 451 504 505 gaudium
535 450 686 501 fuerat,
719 449 817 503 quia
848 450 1064 503 ingenium
1097 454 1139 489 et
1169 449 1322 490 amoris
1353 451 1581 491 necessitas
1611 451 1654 491 in
1685 452 1896 492 tristitiam
1927 452 2185 495 retrahebat.

253 518 400 559 Verba
431 519 543 572 ,quia
574 518 699 558 dixit:
733 517 902 558 celanda
930 530 996 557 res
1027 515 1126 557 erae
1160 516 1254 570 (pro
1287 517 1439 571 quibus
1471 517 1588 559 editt.
1612 522 1711 558 vett.
1737 519 1959 560 exhibent:
1992 521 2092 575 quia
2120 521 2246 562 dixit:
2290 522 2420 562 occul-

52 586 180 628 tanda
209 599 276 627 res
306 587 408 636 erat)
441 590 640 639 corrupta
669 589 784 637 sunt,
817 585 933 625 nullo
965 584 1076 625 enim
1108 584 1279 625 fabulae
1302 585 1392 625 loco
1416 585 1664 639 Pamphilus
1695 586 1773 626 hoc
1794 587 1958 628 locutus
1991 593 2064 629 est.
2100 589 2421 631 Westerhovius

49 670 149 696 cum
179 654 416 709 WVielingio
448 653 669 705 consentit,
702 653 774 707 qui
805 652 983 693 coniecit
1016 652 1148 692 verba
1188 652 1379 701 ,celanda
1409 666 1476 693 res
1508 652 1612 693 erat'
1651 668 1677 694 a
1707 655 1897 707 margine
1935 656 1976 696 in
2008 660 2173 697 textum
2204 657 2420 711 irrepsisse

50 728 95 765 et
126 722 397 764 scribendum
428 736 538 763 esse:
582 721 680 775 quia
711 720 836 760 dixit:
884 719 1115 763 Subtristis.
1177 719 1261 760 Sed
1300 720 1520 772 mendum,
1566 735 1648 775 quo
1687 722 1897 763 sententia
1938 723 2115 776 laborat,
2158 739 2242 765 non
2280 726 2321 766 in
2360 726 2422 766 his

53 791 194 832 verbis
215 791 343 842 inest3
377 803 485 844 quae
516 789 549 830 si
581 788 901 829 commentatori
932 787 1176 827 tribuuntur
1207 791 1248 827 et
1279 787 1333 827 ad
1364 787 1702 829 coniunctionem
1735 789 1860 843 ,quia⁷
1892 791 2149 844 referuntur,
2181 793 2337 846 optime
2369 794 2422 834 ad

49 870 222 899 sensum
253 858 380 898 totius
410 857 490 898 loci
512 856 733 910 quadrant.
785 855 901 909 Ergo
926 853 1059 907 ,dixit'
1083 868 1160 908 per
1182 868 1369 894 errorem
1401 855 1586 909 aliquem
1618 856 1659 896 in
1682 861 1848 898 textum
1879 858 2043 899 illatum
2065 863 2139 900 est.
2191 861 2423 902 Praeterea

51 939 129 979 pro
162 939 254 978 ,nec
285 925 488 978 gaudium
518 923 684 970 fuerat’,
718 924 816 977 quia
846 922 1085 963 necessaria
1115 922 1325 975 quaedam
1365 922 1418 962 ad
1449 923 1685 965 subiectum
1717 926 1925 967 enuntiati
1961 927 2237 981 ,Pamphilus'
2276 929 2421 969 relatio

52 993 333 1045 desideratur,
365 993 533 1034 videtur
564 992 795 1046 legendum
827 1005 918 1032 esse
952 1003 1044 1042 ,nec
1076 990 1279 1042 gaudium
1310 990 1520 1032 finxerat'.
1581 991 1736 1033 Totum
1782 994 1911 1047 igitur
1950 995 2087 1035 locum
2129 996 2188 1036 sic
2219 996 2420 1037 emendo:

49 1061 215 1115 ,Itaque
246 1075 325 1102 nec
355 1060 409 1101 ad
440 1061 611 1114 plenum
642 1058 771 1100 tristis
803 1059 895 1110 fuit,
928 1058 1048 1112 quia
1079 1057 1397 1099 occultanda
1429 1073 1508 1100 res
1541 1064 1664 1109 erat,
1696 1075 1775 1102 nec
1797 1061 2002 1115 gaudium
2032 1063 2292 1116 finxerat,
2325 1064 2421 1118 quia

48 1127 270 1182 ingenium
302 1133 344 1169 et
376 1128 528 1169 amoris
559 1127 788 1169 necessitas
818 1127 860 1167 in
892 1126 1105 1166 tristitiam
1136 1126 1392 1167 retrahebat.

994 1204 1126 1245 Andr.
1151 1203 1225 1245 IV.
1248 1206 1286 1245 3.
1312 1206 1360 1245 11
1395 1219 1483 1261 sqq.

1113 1272 1181 1312 Ex
1213 1287 1287 1313 ara
1319 1274 1415 1313 hinc
1447 1288 1565 1314 sume
1598 1274 1805 1316 verbenas
1837 1275 1912 1316 tibi

551 1341 693 1394 Atque
728 1355 798 1382 eas
830 1342 1064 1382 substerne.
1103 1340 1120 1393 Η
1157 1340 1444 1387 Quamobrem
1475 1341 1516 1382 id
1548 1346 1638 1383 tute
1670 1357 1753 1384 non
1784 1343 1919 1384 facis?

261 1421 538 1471 Quamobrem
568 1422 615 1460 id
645 1428 730 1461 tute
760 1419 1014 1473 mensae-ia]
1085 1418 1189 1459 Tute
1220 1424 1319 1460 tunc
1358 1420 1522 1471 dicitur,
1565 1436 1659 1462 cum
1700 1436 1935 1476 pronomen
1977 1423 2030 1465 ad
2070 1438 2162 1465 eam
2201 1430 2424 1466 revocatur

49 1504 288 1544 personam,
321 1505 346 1530 a
377 1503 459 1543 qua
489 1488 676 1529 sumitur.
725 1492 770 1529 ut
802 1487 921 1530 verbi
952 1486 1103 1543 gratia,
1144 1502 1239 1528 cum
1272 1486 1467 1529 dicimus:
1522 1488 1586 1529 Tu
1618 1490 1725 1542 leye:
1757 1489 1828 1531 ille
1860 1490 1980 1532 nobis
2012 1492 2288 1546 respondeat:
2339 1492 2425 1534 Cur

51 1566 134 1598 tute
164 1572 248 1598 ozon
279 1552 407 1611 legyz's‘?

255 1623 323 1665 Sic
355 1623 560 1665 editiones
591 1637 754 1675 omnes3
787 1625 862 1665 sed
893 1623 994 1679 quid
1024 1624 1102 1665 sibi
1135 1623 1266 1665 velint
1298 1625 1429 1665 verba
1460 1640 1569 1674 ,cum
1601 1640 1835 1680 pronomen
1867 1627 1921 1668 ad
1954 1640 2047 1669 eam
2078 1633 2298 1670 revocatur
2329 1643 2425 1683 per-

47 1707 208 1742 sonam,
246 1707 271 1734 a
310 1707 393 1746 qua
424 1690 620 1733 sumitur'
661 1706 745 1732 non
783 1692 1034 1746 explicatur.
1097 1691 1312 1734 Scholium
1358 1693 1483 1746 plane
1530 1699 1774 1747 corruptum
1820 1694 1877 1736 sic
1916 1694 2075 1736 conicio
2117 1695 2425 1738 restituendum

50 1775 163 1802 esse:
201 1759 478 1810 Quamobrem
509 1758 597 1815 etc]
661 1759 770 1801 Tute
802 1765 902 1801 tunc
935 1760 1100 1812 dicitur,
1139 1775 1258 1801 cum
1296 1763 1602 1814 pronomine
1643 1762 1702 1803 ad
1746 1763 1962 1804 eandem
2003 1777 2107 1804 rem
2146 1770 2425 1806 revocatur

48 1841 299 1883 persona,
332 1832 378 1868 ut
409 1825 529 1868 verbi
558 1827 708 1882 gratia,
742 1843 838 1869 cum
869 1828 1066 1870 dicimus:
1112 1829 1175 1869 Tu
1209 1829 1303 1881 lcyc,
1336 1828 1407 1870 ille
1440 1829 1558 1871 nobis
1591 1831 1866 1885 respondeat:
1906 1832 1989 1872 Cur
2020 1839 2102 1872 tute
2130 1846 2211 1873 nou
2243 1833 2376 1886 leyis?

254 1895 402 1937 Verba
434 1911 472 1947 ,a
503 1909 586 1949 qua
616 1895 803 1937 sumitur’
836 1897 1045 1951 quomodo
1078 1896 1119 1937 in
1152 1901 1319 1937 textum
1350 1895 1610 1951 irrepserint,
1642 1898 1834 1953 intellegi
1865 1913 1948 1940 non
1970 1904 2108 1954 potest
2129 1899 2207 1941 nisi
2230 1915 2285 1942 ex
2307 1906 2423 1943 ante-

47 1963 298 2005 cedentibus
328 1962 466 2004 verbis
489 1963 677 2004 Terentii
710 1978 779 2014 ,ex
812 1979 886 2005 ara
916 1963 1012 2006 hinc
1044 1979 1161 2006 sume
1196 1965 1402 2005 verbenas
1434 1964 1536 2006 tibi'.
1587 1966 1698 2007 Nam
1729 1982 1824 2008 cum
1856 1967 1961 2008 falso
1993 1968 2210 2021 legeretur
2241 1969 2308 2021 ,ad
2331 1983 2425 2010 eam

48 2036 273 2074 revocatur
304 2030 555 2085 personam',
587 2046 612 2072 a
642 2031 843 2086 magistro
875 2033 1058 2086 quodam
1088 2033 1141 2074 ad
1174 2031 1410 2073 accuratius
1450 2033 1770 2087 significandam
1807 2049 2033 2089 personam
2073 2035 2195 2086 ,eam⁷
2236 2036 2424 2078 additum

47 2104 133 2141 est:
166 2115 205 2153 ,a
236 2114 319 2154 qua
349 2113 464 2140 sume
495 2098 672 2149 dicitur',
705 2114 813 2154 quae
846 2100 1017 2154 quidem
1048 2116 1193 2141 rursus
1224 2100 1267 2141 in
1298 2116 1334 2150 ,a
1367 2116 1450 2155 qua
1481 2101 1670 2143 sumitur'
1704 2108 1902 2157 corrupta
1933 2108 2041 2144 sunt.

1016 2191 1124 2232 Eun.
1157 2192 1189 2232 I.
1224 2193 1262 2233 2.
1297 2191 1349 2232 87
1382 2207 1471 2247 sqq.

1015 2261 1149 2301 Porro
1182 2262 1424 2302 eunuchum
1456 2260 1562 2302 dixti
1595 2262 1703 2303 velle
1735 2266 1790 2315 te,

797 2326 907 2375 Quia
937 2328 1051 2369 solae
1084 2334 1260 2369 utuntur
1293 2328 1356 2370 his
1387 2328 1581 2382 reginae:
1614 2330 1797 2384 repperi.

257 2392 370 2444 Quia
402 2395 513 2434 solae
544 2403 721 2434 utuntur
752 2396 812 2435 lzzts·
853 2394 1054 2451 refirma]
1117 2397 1241 2449 Nota,
1289 2412 1418 2451 quum
1467 2398 1709 2438 eunuchum
1746 2397 1788 2438 in
1834 2396 2037 2452 singulari
2082 2413 2258 2440 numero
2304 2413 2425 2454 prae-

48 2461 252 2516 posuerit,
287 2463 348 2502 ln's
380 2461 658 2503 subiunxisse.
692 2464 766 2504 sed
798 2464 859 2504 leis
890 2478 973 2505 non
1004 2464 1058 2505 ad
1090 2465 1328 2505 eunuchum
1360 2464 1516 2517 retulit,
1549 2465 1623 2506 sed
1655 2466 1708 2507 ad
1740 2465 1924 2515 delicias,
1956 2471 2028 2508 aut
2059 2466 2160 2521 quid
2190 2468 2295 2508 tale:
2328 2466 2426 2521 quia

46 2531 163 2572 solae
194 2535 371 2571 utuntur
401 2529 640 2570 huiusmodi
662 2529 821 2571 deliciis
853 2531 1119 2587 servitiisque
1152 2531 1338 2587 reginae.
1387 2532 1441 2573 Et
1473 2532 1655 2592 oratorie
1687 2533 1754 2574 hic
1783 2533 1981 2587 subdidit,
2014 2534 2127 2588 quod
2155 2531 2198 2574 in
2228 2533 2423 2576 ancillula

51 2597 353 2651 praetermisit:
387 2596 486 2651 quia
516 2599 634 2639 nulla
664 2598 934 2653 Aethiopissa
964 2601 1142 2641 honesta
1174 2599 1255 2641 dici
1286 2600 1434 2654 potuit.

251 2666 458 2706 Extrema
489 2665 635 2707 scholii
666 2667 798 2708 verba
830 2667 942 2721 ,quia
973 2669 1089 2709 nulla
1111 2667 1383 2723 Aethiopissa
1404 2669 1580 2711 honesta
1613 2669 1692 2711 dici
1715 2669 1865 2724 potuit'
1899 2671 1977 2712 hoc
2008 2671 2099 2712 loco
2122 2671 2249 2724 plane
2281 2668 2424 2724 inepta

47 2733 297 2787 perturbato
337 2733 643 2775 sententiarum
681 2734 828 2776 ordine
868 2735 1013 2776 addita
1059 2740 1155 2777 sunt
1200 2751 1255 2777 ex
1300 2736 1423 2777 simili
1463 2732 1628 2779 scholio*
1661 2738 1714 2779 ad
1745 2738 1854 2779 Eun.
1878 2738 1957 2779 III.
1990 2740 2027 2779 2.
2051 2739 2127 2779 21:
2180 2739 2250 2779 Ita
2290 2753 2352 2778 me
2383 2740 2428 2778 cli

51 2809 204 2851 ameum
239 2802 428 2842 honestus
461 2800 546 2856 est]
612 2801 690 2844 Hic
721 2801 920 2856 subdidit,
952 2804 1065 2857 quod
1105 2803 1148 2844 in
1179 2804 1331 2846 ancilla
1363 2805 1658 2859 praetermisit,
1697 2807 1797 2860 quia
1826 2805 2098 2860 Aethiopissa
2135 2807 2312 2848 honesta
2343 2806 2423 2848 dici

48 2882 134 2910 non
167 2868 314 2923 potuit.

255 2935 476 2978 Sententia
513 2952 615 2991 ergo
654 2938 712 2980 sic
758 2937 1045 2981 restituenda'
1065 2945 1147 2981 est:
1199 2940 1309 2990 Quia
1341 2942 1431 2995 etc]
1478 2942 1590 2983 Nota
1620 2975 1628 2982 .
1653 2975 1694 2982 ..
1744 2942 1829 2983 Sed
1867 2941 1930 2983 his
1970 2956 2053 2983 non
2092 2942 2145 2983 ad
2184 2942 2424 2983 eunuchum

46 3004 205 3055 retulit,
237 3005 311 3046 sed
342 3005 395 3046 ad
427 3004 611 3059 delicias,
654 3011 727 3047 aut
765 3007 865 3062 quid
907 3009 1004 3049 tale.
1066 3008 1131 3049 Et
1178 3010 1414 3050 oratorie
1461 3011 1542 3051 hic
1587 3010 1843 3060 subdidit,
1891 3010 2026 3064 quod
2071 3011 2123 3051 in
2170 3010 2423 3051 ancillula

46 3073 431 3125 praetermisit:
465 3075 585 3128 quia
615 3076 757 3116 solae
790 3080 1008 3118 utuntur
1040 3078 1345 3119 huiusmodi
1377 3078 1597 3119 deliciis
1629 3078 1982 3132 servitiisque
2014 3079 2252 3132 reginae.

1002 3156 1110 3197 Eun.
1135 3155 1209 3197 III.
1235 3158 1271 3197 2.
1300 3158 1350 3198 19
1383 3171 1470 3211 sqq.

581 3221 665 3263 Ubi
696 3228 741 3264 tu
772 3238 829 3276 es,
862 3224 1007 3264 Dore‘?
1040 3224 1195 3265 accede
1227 3225 1320 3265 huc.
1381 3225 1495 3265 Hem
1527 3225 1767 3265 eunuchum
1798 3223 1873 3265 tibi

581 3290 718 3337 Quam
749 3289 914 3331 liberali
945 3291 1066 3342 facie,
1099 3306 1226 3346 quam
1257 3298 1397 3334 aetate
1429 3291 1610 3347 integra.

250 3356 360 3396 Hem
391 3357 624 3398 eunuchum
656 3358 762 3412 tibi]
823 3357 930 3399 Mire
969 3364 1192 3414 postquam
1223 3359 1327 3400 dixit
1373 3361 1603 3401 eunuchum
1645 3360 1720 3399 tibi
1755 3359 1916 3400 intulit:
1965 3362 2066 3414 quia
2106 3361 2217 3401 solae
2248 3368 2423 3400 utuntur

46 3422 111 3461 lais
143 3425 323 3477 reqinae,
355 3428 533 3480 repperi.
595 3425 726 3473 Quasi
757 3425 887 3467 dicat:
920 3426 1173 3469 Eunuchum
1208 3427 1313 3469 dixti
1346 3429 1455 3469 velle
1488 3433 1542 3481 te,
1575 3429 1816 3470 eunuchum
1847 3427 1923 3468 tibi
1954 3427 2136 3483 repperi.
