<?xml version="1.0" encoding="UTF-8"?>
<!DOCTYPE html PUBLIC "-//W3C//DTD XHTML 1.0 Transitional//EN"
    "http://www.w3.org/TR/xhtml1/DTD/xhtml1-transitional.dtd">
<html xmlns="http://www.w3.org/1999/xhtml" xml:lang="en" lang="en">
 <head>
  <title>
</title>
<meta http-equiv="Content-Type" content="text/html;charset=utf-8" />
  <meta name='ocr-system' content='tesseract 3.04.00' />
  <meta name='ocr-capabilities' content='ocr_page ocr_carea ocr_par ocr_line ocrx_word'/>
</head>
<body>
  <div class='ocr_page' id='page_1' title='image "./deauctoritatecom00teubuoft_0019.png"; bbox 0 0 2560 3699; ppageno 0'>
   <div class='ocr_carea' id='block_1_1' title="bbox 61 435 2425 566">
    <p class='ocr_par' dir='ltr' id='par_1_1' title="bbox 61 435 2425 566">
     <span class='ocr_line' id='line_1_1' title="bbox 261 435 2425 492; baseline -0.003 -8"><span class='ocrx_word' id='word_1_1' title='bbox 261 443 302 492; x_wconf 79' lang='lat'>5)</span> <span class='ocrx_word' id='word_1_2' title='bbox 335 441 505 482; x_wconf 89' lang='lat' dir='ltr'>Phorm.</span> <span class='ocrx_word' id='word_1_3' title='bbox 539 439 570 480; x_wconf 91' lang='grc' dir='ltr'>Ι.</span> <span class='ocrx_word' id='word_1_4' title='bbox 608 441 642 480; x_wconf 91' lang='grc'>1.</span> <span class='ocrx_word' id='word_1_5' title='bbox 680 439 729 479; x_wconf 77' lang='lat'>12</span> <span class='ocrx_word' id='word_1_6' title='bbox 761 452 848 491; x_wconf 87' lang='lat' dir='ltr'>sqq.</span> <span class='ocrx_word' id='word_1_7' title='bbox 883 437 1030 487; x_wconf 79' lang='lat' dir='ltr'>‚Porro</span> <span class='ocrx_word' id='word_1_8' title='bbox 1070 440 1212 476; x_wconf 89' lang='lat' dir='ltr'>autem</span> <span class='ocrx_word' id='word_1_9' title='bbox 1249 435 1359 476; x_wconf 81' lang='lat' dir='ltr'>Geta</span> <span class='ocrx_word' id='word_1_10' title='bbox 1397 436 1575 477; x_wconf 89' lang='lat' dir='ltr'>ferietur</span> <span class='ocrx_word' id='word_1_11' title='bbox 1613 437 1693 476; x_wconf 88' lang='lat' dir='ltr'>alio</span> <span class='ocrx_word' id='word_1_12' title='bbox 1736 435 1924 476; x_wconf 82' lang='lat' dir='ltr'>munere’</span> <span class='ocrx_word' id='word_1_13' title='bbox 1965 436 2016 477; x_wconf 87' lang='lat' dir='ltr'>de</span> <span class='ocrx_word' id='word_1_14' title='bbox 2055 436 2184 477; x_wconf 85' lang='lat' dir='ltr'>verbo</span> <span class='ocrx_word' id='word_1_15' title='bbox 2222 435 2425 487; x_wconf 81' lang='lat' dir='ltr'>‚ferietur&#39;</span> 
     </span>
     <span class='ocr_line' id='line_1_2' title="bbox 61 512 416 566; baseline -0.023 -12"><span class='ocrx_word' id='word_1_16' title='bbox 61 513 165 554; x_wconf 87' lang='lat' dir='ltr'>haee</span> <span class='ocrx_word' id='word_1_17' title='bbox 196 512 416 566; x_wconf 85' lang='lat' dir='ltr'>leguntur:</span> 
     </span>
    </p>
   </div>
   <div class='ocr_carea' id='block_1_2' title="bbox 61 670 2431 866">
    <p class='ocr_par' dir='ltr' id='par_1_2' title="bbox 61 670 2431 866">
     <span class='ocr_line' id='line_1_3' title="bbox 171 670 2428 727; baseline -0.002 -8"><span class='ocrx_word' id='word_1_18' title='bbox 171 679 303 720; x_wconf 71' lang='lat' dir='ltr'>Porro</span> <span class='ocrx_word' id='word_1_19' title='bbox 334 681 468 718; x_wconf 73' lang='lat' dir='ltr'>(tutem</span> <span class='ocrx_word' id='word_1_20' title='bbox 500 675 605 716; x_wconf 71' lang='lat' dir='ltr'>Geta</span> <span class='ocrx_word' id='word_1_21' title='bbox 634 673 833 726; x_wconf 69' lang='lat' dir='ltr'>ferietur]</span> <span class='ocrx_word' id='word_1_22' title='bbox 885 673 951 714; x_wconf 89' lang='lat' dir='ltr'>Ad</span> <span class='ocrx_word' id='word_1_23' title='bbox 984 677 1210 727; x_wconf 85' lang='lat' dir='ltr'>pauperta-</span> <span class='ocrx_word' id='word_1_24' title='bbox 1393 672 1584 712; x_wconf 65' lang='lat' dir='ltr'>Feretetm·</span> <span class='ocrx_word' id='word_1_25' title='bbox 1629 672 1709 712; x_wconf 64' lang='lat' dir='ltr'>alio</span> <span class='ocrx_word' id='word_1_26' title='bbox 1746 670 1941 727; x_wconf 65' lang='lat' dir='ltr'>munere]</span> <span class='ocrx_word' id='word_1_27' title='bbox 2003 673 2072 713; x_wconf 86' lang='lat' dir='ltr'>Ex</span> <span class='ocrx_word' id='word_1_28' title='bbox 2112 674 2428 725; x_wconf 37' lang='lat' dir='ltr'>consuetudines</span> 
     </span>
     <span class='ocr_line' id='line_1_4' title="bbox 61 739 2431 796; baseline -0.003 -8"><span class='ocrx_word' id='word_1_29' title='bbox 61 752 145 788; x_wconf 89' lang='lat' dir='ltr'>tem</span> <span class='ocrx_word' id='word_1_30' title='bbox 174 747 318 787; x_wconf 85' lang='lat' dir='ltr'>retulit</span> <span class='ocrx_word' id='word_1_31' title='bbox 346 746 546 786; x_wconf 63' lang='lat' dir='ltr'>Fer-zetam</span> <span class='ocrx_word' id='word_1_32' title='bbox 601 743 710 783; x_wconf 84' lang='lat' dir='ltr'>Nam</span> <span class='ocrx_word' id='word_1_33' title='bbox 755 747 797 783; x_wconf 89' lang='lat' dir='ltr'>et</span> <span class='ocrx_word' id='word_1_34' title='bbox 843 741 1043 782; x_wconf 87' lang='lat' dir='ltr'>damnum</span> <span class='ocrx_word' id='word_1_35' title='bbox 1080 741 1211 793; x_wconf 66' lang='lat' dir='ltr'>playa</span> <span class='ocrx_word' id='word_1_36' title='bbox 1243 745 1246 794; x_wconf 69' lang='lat'>1</span> <span class='ocrx_word' id='word_1_37' title='bbox 1283 739 1484 780; x_wconf 59' lang='lat' dir='ltr'>Ferietur.</span> <span class='ocrx_word' id='word_1_38' title='bbox 1533 739 1642 780; x_wconf 87' lang='lat' dir='ltr'>Nam</span> <span class='ocrx_word' id='word_1_39' title='bbox 1676 745 1717 780; x_wconf 91' lang='lat' dir='ltr'>et</span> <span class='ocrx_word' id='word_1_40' title='bbox 1742 740 1913 792; x_wconf 71' lang='lat' dir='ltr'>playmn</span> <span class='ocrx_word' id='word_1_41' title='bbox 1935 740 2134 781; x_wconf 81' lang='lat' dir='ltr'>damnum</span> <span class='ocrx_word' id='word_1_42' title='bbox 2156 746 2197 782; x_wconf 89' lang='grc'>61</span> <span class='ocrx_word' id='word_1_43' title='bbox 2218 747 2431 796; x_wconf 87' lang='lat' dir='ltr'>sumptum</span> 
     </span>
     <span class='ocr_line' id='line_1_5' title="bbox 61 801 1959 866; baseline -0.004 -11"><span class='ocrx_word' id='word_1_44' title='bbox 61 818 104 855; x_wconf 87' lang='lat' dir='ltr'>et</span> <span class='ocrx_word' id='word_1_45' title='bbox 133 828 200 855; x_wconf 86' lang='lat' dir='ltr'>res</span> <span class='ocrx_word' id='word_1_46' title='bbox 231 814 402 866; x_wconf 65' lang='lat' dir='ltr'>sanquis</span> <span class='ocrx_word' id='word_1_47' title='bbox 433 818 573 854; x_wconf 89' lang='lat' dir='ltr'>noster</span> <span class='ocrx_word' id='word_1_48' title='bbox 606 811 769 851; x_wconf 89' lang='lat' dir='ltr'>dicitur.</span> <span class='ocrx_word' id='word_1_49' title='bbox 1245 801 1248 859; x_wconf 67' lang='grc'>1</span> <span class='ocrx_word' id='word_1_50' title='bbox 1282 807 1522 859; x_wconf 71' lang='lat' dir='ltr'>scmym‘nem</span> <span class='ocrx_word' id='word_1_51' title='bbox 1552 812 1740 848; x_wconf 88' lang='lat' dir='ltr'>nostrum</span> <span class='ocrx_word' id='word_1_52' title='bbox 1773 807 1959 848; x_wconf 83' lang='lat' dir='ltr'>dicimus.</span> 
     </span>
    </p>
   </div>
   <div class='ocr_carea' id='block_1_3' title="bbox 716 999 1753 1121">
    <p class='ocr_par' dir='ltr' id='par_1_3' title="bbox 716 999 1753 1121">
     <span class='ocr_line' id='line_1_6' title="bbox 716 999 1753 1052; baseline -0.001 -11"><span class='ocrx_word' id='word_1_53' title='bbox 716 1001 906 1041; x_wconf 69' lang='lat' dir='ltr'>Ferietur</span> <span class='ocrx_word' id='word_1_54' title='bbox 950 999 1029 1040; x_wconf 73' lang='lat' dir='ltr'>alio</span> <span class='ocrx_word' id='word_1_55' title='bbox 1075 999 1267 1052; x_wconf 64' lang='lat' dir='ltr'>munere]</span> <span class='ocrx_word' id='word_1_56' title='bbox 1328 999 1625 1052; x_wconf 81' lang='lat' dir='ltr'>Significanter</span> <span class='ocrx_word' id='word_1_57' title='bbox 1669 1014 1753 1040; x_wconf 90' lang='lat' dir='ltr'>non</span> 
     </span>
     <span class='ocr_line' id='line_1_7' title="bbox 717 1067 1631 1121; baseline -0.001 -12"><span class='ocrx_word' id='word_1_58' title='bbox 717 1069 932 1121; x_wconf 67' lang='lat' dir='ltr'>Funyetm·</span> <span class='ocrx_word' id='word_1_59' title='bbox 962 1081 1151 1118; x_wconf 79' lang='lat' dir='ltr'>munere,</span> <span class='ocrx_word' id='word_1_60' title='bbox 1184 1067 1258 1107; x_wconf 89' lang='lat' dir='ltr'>sed</span> <span class='ocrx_word' id='word_1_61' title='bbox 1291 1067 1482 1107; x_wconf 69' lang='lat' dir='ltr'>Ferietur</span> <span class='ocrx_word' id='word_1_62' title='bbox 1513 1067 1631 1108; x_wconf 85' lang='lat' dir='ltr'>dixit.</span> 
     </span>
    </p>
   </div>
   <div class='ocr_carea' id='block_1_4' title="bbox 61 1215 2438 1531">
    <p class='ocr_par' dir='ltr' id='par_1_4' title="bbox 61 1215 2438 1531">
     <span class='ocr_line' id='line_1_8' title="bbox 265 1215 2437 1270; baseline -0.001 -12"><span class='ocrx_word' id='word_1_63' title='bbox 265 1218 363 1258; x_wconf 88' lang='lat' dir='ltr'>Alia</span> <span class='ocrx_word' id='word_1_64' title='bbox 395 1217 600 1258; x_wconf 88' lang='lat' dir='ltr'>eiusmodi</span> <span class='ocrx_word' id='word_1_65' title='bbox 631 1217 665 1257; x_wconf 88' lang='lat' dir='ltr'>si</span> <span class='ocrx_word' id='word_1_66' title='bbox 693 1216 784 1270; x_wconf 88' lang='lat' dir='ltr'>quis</span> <span class='ocrx_word' id='word_1_67' title='bbox 816 1229 1069 1269; x_wconf 75' lang='lat' dir='ltr'>cognoscere</span> <span class='ocrx_word' id='word_1_68' title='bbox 1103 1215 1204 1266; x_wconf 73' lang='lat' dir='ltr'>vult,</span> <span class='ocrx_word' id='word_1_69' title='bbox 1238 1215 1510 1255; x_wconf 87' lang='lat' dir='ltr'>conferantur</span> <span class='ocrx_word' id='word_1_70' title='bbox 1541 1216 1698 1255; x_wconf 88' lang='lat' dir='ltr'>scholia</span> <span class='ocrx_word' id='word_1_71' title='bbox 1729 1215 1782 1256; x_wconf 87' lang='lat' dir='ltr'>ad</span> <span class='ocrx_word' id='word_1_72' title='bbox 1808 1215 1937 1256; x_wconf 84' lang='lat' dir='ltr'><strong>Andr.</strong></span> <span class='ocrx_word' id='word_1_73' title='bbox 1961 1216 2069 1269; x_wconf 42' lang='lat' dir='ltr'>prolf</span> <span class='ocrx_word' id='word_1_74' title='bbox 2088 1215 2114 1256; x_wconf 99' lang='lat'>6</span> <span class='ocrx_word' id='word_1_75' title='bbox 2136 1220 2178 1256; x_wconf 92' lang='lat' dir='ltr'>et</span> <span class='ocrx_word' id='word_1_76' title='bbox 2199 1216 2243 1266; x_wconf 79' lang='lat'>73</span> <span class='ocrx_word' id='word_1_77' title='bbox 2276 1215 2309 1256; x_wconf 90' lang='lat' dir='ltr'>I.</span> <span class='ocrx_word' id='word_1_78' title='bbox 2331 1217 2366 1255; x_wconf 91' lang='lat'>1.</span> <span class='ocrx_word' id='word_1_79' title='bbox 2385 1215 2437 1256; x_wconf 91' lang='lat'>66</span> 
     </span>
     <span class='ocr_line' id='line_1_9' title="bbox 62 1283 2437 1338; baseline -0.002 -10"><span class='ocrx_word' id='word_1_80' title='bbox 62 1292 104 1328; x_wconf 88' lang='lat' dir='ltr'>et</span> <span class='ocrx_word' id='word_1_81' title='bbox 135 1287 209 1338; x_wconf 83' lang='lat'>673</span> <span class='ocrx_word' id='word_1_82' title='bbox 242 1286 276 1326; x_wconf 93' lang='lat' dir='ltr'>I.</span> <span class='ocrx_word' id='word_1_83' title='bbox 309 1286 346 1327; x_wconf 80' lang='lat'>5.</span> <span class='ocrx_word' id='word_1_84' title='bbox 372 1286 444 1336; x_wconf 76' lang='lat'>333</span> <span class='ocrx_word' id='word_1_85' title='bbox 478 1285 533 1325; x_wconf 88' lang='lat' dir='ltr'>II.</span> <span class='ocrx_word' id='word_1_86' title='bbox 568 1285 604 1324; x_wconf 78' lang='lat'>2.</span> <span class='ocrx_word' id='word_1_87' title='bbox 633 1285 694 1324; x_wconf 89' lang='grc'>17.</span> <span class='ocrx_word' id='word_1_88' title='bbox 730 1308 777 1311; x_wconf 92' lang='grc'>-</span> <span class='ocrx_word' id='word_1_89' title='bbox 814 1283 921 1324; x_wconf 85' lang='grc' dir='ltr'><strong>Ε1111.</strong></span> <span class='ocrx_word' id='word_1_90' title='bbox 954 1284 1058 1337; x_wconf 90' lang='lat' dir='ltr'>prol.</span> <span class='ocrx_word' id='word_1_91' title='bbox 1097 1283 1167 1334; x_wconf 73' lang='lat'>153</span> <span class='ocrx_word' id='word_1_92' title='bbox 1202 1283 1255 1322; x_wconf 87' lang='grc' dir='ltr'>ΙΙ.</span> <span class='ocrx_word' id='word_1_93' title='bbox 1289 1284 1326 1322; x_wconf 82' lang='grc'>2.</span> <span class='ocrx_word' id='word_1_94' title='bbox 1348 1283 1394 1334; x_wconf 80' lang='lat'>53</span> <span class='ocrx_word' id='word_1_95' title='bbox 1429 1283 1484 1323; x_wconf 90' lang='grc' dir='ltr'>ΙΙ.</span> <span class='ocrx_word' id='word_1_96' title='bbox 1508 1283 1545 1323; x_wconf 84' lang='lat'>3.</span> <span class='ocrx_word' id='word_1_97' title='bbox 1572 1283 1644 1333; x_wconf 80' lang='lat'>833</span> <span class='ocrx_word' id='word_1_98' title='bbox 1678 1283 1755 1323; x_wconf 87' lang='lat' dir='ltr'>HI.</span> <span class='ocrx_word' id='word_1_99' title='bbox 1791 1284 1826 1323; x_wconf 78' lang='lat'>2.</span> <span class='ocrx_word' id='word_1_100' title='bbox 1851 1283 1924 1335; x_wconf 75' lang='lat'>‘253</span> <span class='ocrx_word' id='word_1_101' title='bbox 1957 1283 2033 1323; x_wconf 85' lang='lat' dir='ltr'>IV.</span> <span class='ocrx_word' id='word_1_102' title='bbox 2063 1283 2100 1323; x_wconf 84' lang='lat'>3.</span> <span class='ocrx_word' id='word_1_103' title='bbox 2128 1284 2198 1335; x_wconf 75' lang='lat'>113</span> <span class='ocrx_word' id='word_1_104' title='bbox 2233 1283 2285 1323; x_wconf 81' lang='lat' dir='ltr'>V.</span> <span class='ocrx_word' id='word_1_105' title='bbox 2317 1284 2341 1324; x_wconf 90' lang='grc'>6</span> <span class='ocrx_word' id='word_1_106' title='bbox 2363 1283 2437 1333; x_wconf 77' lang='grc'>23;</span> 
     </span>
     <span class='ocr_line' id='line_1_10' title="bbox 61 1350 2438 1406; baseline -0.002 -10"><span class='ocrx_word' id='word_1_107' title='bbox 61 1354 115 1395; x_wconf 90' lang='lat' dir='ltr'>V.</span> <span class='ocrx_word' id='word_1_108' title='bbox 139 1356 175 1396; x_wconf 74' lang='lat'>8.</span> <span class='ocrx_word' id='word_1_109' title='bbox 198 1354 267 1394; x_wconf 74' lang='lat'>49.</span> <span class='ocrx_word' id='word_1_110' title='bbox 294 1380 343 1385; x_wconf 92' lang='lat'>—</span> <span class='ocrx_word' id='word_1_111' title='bbox 366 1353 549 1406; x_wconf 82' lang='lat' dir='ltr'>Adelph.</span> <span class='ocrx_word' id='word_1_112' title='bbox 573 1353 606 1392; x_wconf 89' lang='lat' dir='ltr'>I.</span> <span class='ocrx_word' id='word_1_113' title='bbox 633 1354 666 1392; x_wconf 90' lang='lat'>1.</span> <span class='ocrx_word' id='word_1_114' title='bbox 691 1352 765 1402; x_wconf 69' lang='lat'>243</span> <span class='ocrx_word' id='word_1_115' title='bbox 800 1352 831 1391; x_wconf 93' lang='grc' dir='ltr'>Ι.</span> <span class='ocrx_word' id='word_1_116' title='bbox 856 1353 894 1391; x_wconf 77' lang='lat'>2.</span> <span class='ocrx_word' id='word_1_117' title='bbox 919 1352 965 1403; x_wconf 82' lang='lat'>73</span> <span class='ocrx_word' id='word_1_118' title='bbox 998 1351 1049 1391; x_wconf 90' lang='lat' dir='ltr'>V.</span> <span class='ocrx_word' id='word_1_119' title='bbox 1075 1352 1111 1392; x_wconf 81' lang='lat'>8.</span> <span class='ocrx_word' id='word_1_120' title='bbox 1137 1351 1201 1391; x_wconf 80' lang='lat'>29.</span> <span class='ocrx_word' id='word_1_121' title='bbox 1227 1377 1278 1381; x_wconf 86' lang='lat'>—-</span> <span class='ocrx_word' id='word_1_122' title='bbox 1300 1350 1405 1391; x_wconf 90' lang='lat' dir='ltr'>Hec.</span> <span class='ocrx_word' id='word_1_123' title='bbox 1432 1352 1534 1405; x_wconf 90' lang='lat' dir='ltr'>prol.</span> <span class='ocrx_word' id='word_1_124' title='bbox 1560 1352 1597 1391; x_wconf 76' lang='lat'>2.</span> <span class='ocrx_word' id='word_1_125' title='bbox 1622 1351 1695 1402; x_wconf 75' lang='lat'>413</span> <span class='ocrx_word' id='word_1_126' title='bbox 1730 1351 1785 1391; x_wconf 89' lang='lat' dir='ltr'>II.</span> <span class='ocrx_word' id='word_1_127' title='bbox 1809 1352 1847 1391; x_wconf 75' lang='lat'>2.</span> <span class='ocrx_word' id='word_1_128' title='bbox 1869 1352 1942 1402; x_wconf 77' lang='lat'>213</span> <span class='ocrx_word' id='word_1_129' title='bbox 1975 1351 2054 1391; x_wconf 87' lang='lat' dir='ltr'><strong>III.</strong></span> <span class='ocrx_word' id='word_1_130' title='bbox 2077 1352 2111 1391; x_wconf 77' lang='lat'>1.</span> <span class='ocrx_word' id='word_1_131' title='bbox 2131 1351 2173 1403; x_wconf 80' lang='lat'>63</span> <span class='ocrx_word' id='word_1_132' title='bbox 2208 1351 2286 1392; x_wconf 85' lang='grc' dir='ltr'><strong>ΙΙΙ.</strong></span> <span class='ocrx_word' id='word_1_133' title='bbox 2304 1351 2342 1391; x_wconf 80' lang='lat'>4.</span> <span class='ocrx_word' id='word_1_134' title='bbox 2362 1351 2438 1397; x_wconf 62' lang='lat'>333</span> 
     </span>
     <span class='ocr_line' id='line_1_11' title="bbox 63 1418 2438 1472; baseline -0.002 -9"><span class='ocrx_word' id='word_1_135' title='bbox 63 1421 280 1463; x_wconf 81' lang='lat'>111.5.34</span> <span class='ocrx_word' id='word_1_136' title='bbox 303 1427 344 1462; x_wconf 89' lang='lat' dir='ltr'>et</span> <span class='ocrx_word' id='word_1_137' title='bbox 365 1421 440 1472; x_wconf 71' lang='lat'>353</span> <span class='ocrx_word' id='word_1_138' title='bbox 473 1421 525 1460; x_wconf 90' lang='lat' dir='ltr'>V.</span> <span class='ocrx_word' id='word_1_139' title='bbox 554 1423 585 1460; x_wconf 80' lang='grc'>1.</span> <span class='ocrx_word' id='word_1_140' title='bbox 610 1420 656 1469; x_wconf 81' lang='grc'>9;</span> <span class='ocrx_word' id='word_1_141' title='bbox 690 1419 743 1459; x_wconf 90' lang='lat' dir='ltr'>V.</span> <span class='ocrx_word' id='word_1_142' title='bbox 776 1421 808 1459; x_wconf 87' lang='lat'>1.</span> <span class='ocrx_word' id='word_1_143' title='bbox 840 1420 915 1469; x_wconf 68' lang='grc'>22,-</span> <span class='ocrx_word' id='word_1_144' title='bbox 946 1418 997 1458; x_wconf 88' lang='lat' dir='ltr'>V.</span> <span class='ocrx_word' id='word_1_145' title='bbox 1022 1419 1059 1459; x_wconf 78' lang='lat'>2.</span> <span class='ocrx_word' id='word_1_146' title='bbox 1091 1419 1128 1459; x_wconf 88' lang='grc'>6.</span> <span class='ocrx_word' id='word_1_147' title='bbox 1164 1443 1212 1446; x_wconf 33' lang='lat'>⁷—</span> <span class='ocrx_word' id='word_1_148' title='bbox 1248 1419 1418 1459; x_wconf 88' lang='lat' dir='ltr'>Phorm.</span> <span class='ocrx_word' id='word_1_149' title='bbox 1450 1419 1484 1459; x_wconf 89' lang='lat' dir='ltr'>I.</span> <span class='ocrx_word' id='word_1_150' title='bbox 1515 1420 1551 1459; x_wconf 77' lang='lat'>·.&gt;.</span> <span class='ocrx_word' id='word_1_151' title='bbox 1583 1420 1635 1460; x_wconf 83' lang='lat'>73</span> <span class='ocrx_word' id='word_1_152' title='bbox 1667 1426 1707 1461; x_wconf 90' lang='lat' dir='ltr'>et</span> <span class='ocrx_word' id='word_1_153' title='bbox 1735 1421 1809 1471; x_wconf 73' lang='lat'>743</span> <span class='ocrx_word' id='word_1_154' title='bbox 1843 1419 1873 1461; x_wconf 87' lang='lat' dir='ltr'>I.</span> <span class='ocrx_word' id='word_1_155' title='bbox 1903 1419 1939 1459; x_wconf 78' lang='lat'>2.</span> <span class='ocrx_word' id='word_1_156' title='bbox 1971 1420 2042 1472; x_wconf 78' lang='lat'>813</span> <span class='ocrx_word' id='word_1_157' title='bbox 2074 1419 2107 1459; x_wconf 80' lang='grc' dir='ltr'>Ι.</span> <span class='ocrx_word' id='word_1_158' title='bbox 2136 1420 2175 1459; x_wconf 87' lang='lat'>4.</span> <span class='ocrx_word' id='word_1_159' title='bbox 2209 1420 2258 1459; x_wconf 76' lang='lat'>21</span> <span class='ocrx_word' id='word_1_160' title='bbox 2294 1425 2334 1460; x_wconf 92' lang='lat' dir='ltr'>et</span> <span class='ocrx_word' id='word_1_161' title='bbox 2366 1419 2438 1467; x_wconf 77' lang='lat'>22;</span> 
     </span>
     <span class='ocr_line' id='line_1_12' title="bbox 63 1489 485 1531; baseline -0.002 -1"><span class='ocrx_word' id='word_1_162' title='bbox 63 1490 115 1530; x_wconf 87' lang='lat' dir='ltr'>V.</span> <span class='ocrx_word' id='word_1_163' title='bbox 140 1490 176 1531; x_wconf 83' lang='lat'>8.</span> <span class='ocrx_word' id='word_1_164' title='bbox 202 1489 255 1530; x_wconf 79' lang='lat'>65</span> <span class='ocrx_word' id='word_1_165' title='bbox 279 1494 320 1530; x_wconf 90' lang='lat' dir='ltr'>et</span> <span class='ocrx_word' id='word_1_166' title='bbox 342 1489 407 1529; x_wconf 90' lang='lat'>66.</span> <span class='ocrx_word' id='word_1_167' title='bbox 433 1515 485 1520; x_wconf 93' lang='lat'>—</span> 
     </span>
    </p>
   </div>
   <div class='ocr_carea' id='block_1_5' title="bbox 14 1578 2445 2041">
    <p class='ocr_par' dir='ltr' id='par_1_5' title="bbox 14 1578 2445 2041">
     <span class='ocr_line' id='line_1_13' title="bbox 266 1578 2442 1631; baseline 0 -13"><span class='ocrx_word' id='word_1_168' title='bbox 266 1579 413 1620; x_wconf 85' lang='lat' dir='ltr'><strong>Trium</strong></span> <span class='ocrx_word' id='word_1_169' title='bbox 444 1579 594 1619; x_wconf 87' lang='lat' dir='ltr'>horum</span> <span class='ocrx_word' id='word_1_170' title='bbox 626 1579 1023 1619; x_wconf 67' lang='lat' dir='ltr'>commentariorum</span> <span class='ocrx_word' id='word_1_171' title='bbox 1055 1578 1159 1619; x_wconf 88' lang='lat' dir='ltr'>duos</span> <span class='ocrx_word' id='word_1_172' title='bbox 1191 1579 1370 1619; x_wconf 88' lang='lat' dir='ltr'>arctiore</span> <span class='ocrx_word' id='word_1_173' title='bbox 1403 1578 1586 1631; x_wconf 84' lang='lat' dir='ltr'>quodam</span> <span class='ocrx_word' id='word_1_174' title='bbox 1618 1579 1784 1619; x_wconf 86' lang='lat' dir='ltr'>vinculo</span> <span class='ocrx_word' id='word_1_175' title='bbox 1817 1580 1926 1619; x_wconf 86' lang='lat' dir='ltr'>inter</span> <span class='ocrx_word' id='word_1_176' title='bbox 1954 1593 1998 1619; x_wconf 88' lang='lat' dir='ltr'>se</span> <span class='ocrx_word' id='word_1_177' title='bbox 2028 1579 2234 1620; x_wconf 79' lang='lat' dir='ltr'>contineri</span> <span class='ocrx_word' id='word_1_178' title='bbox 2255 1580 2442 1620; x_wconf 85' lang='lat' dir='ltr'>locorum</span> 
     </span>
     <span class='ocr_line' id='line_1_14' title="bbox 63 1646 2442 1702; baseline -0 -14"><span class='ocrx_word' id='word_1_179' title='bbox 63 1662 168 1702; x_wconf 88' lang='lat' dir='ltr'>quos</span> <span class='ocrx_word' id='word_1_180' title='bbox 206 1648 423 1688; x_wconf 81' lang='lat' dir='ltr'>attulimus</span> <span class='ocrx_word' id='word_1_181' title='bbox 461 1646 575 1687; x_wconf 87' lang='lat' dir='ltr'>haud</span> <span class='ocrx_word' id='word_1_182' title='bbox 613 1647 757 1700; x_wconf 81' lang='lat' dir='ltr'>paucis</span> <span class='ocrx_word' id='word_1_183' title='bbox 796 1646 1107 1700; x_wconf 89' lang='lat' dir='ltr'>comprobatur.</span> <span class='ocrx_word' id='word_1_184' title='bbox 1168 1646 1235 1686; x_wconf 84' lang='lat' dir='ltr'>Ex</span> <span class='ocrx_word' id='word_1_185' title='bbox 1274 1647 1405 1687; x_wconf 89' lang='lat' dir='ltr'>ternis</span> <span class='ocrx_word' id='word_1_186' title='bbox 1447 1647 1558 1686; x_wconf 90' lang='lat' dir='ltr'>enim</span> <span class='ocrx_word' id='word_1_187' title='bbox 1597 1647 1678 1687; x_wconf 87' lang='lat' dir='ltr'>illis</span> <span class='ocrx_word' id='word_1_188' title='bbox 1724 1647 2078 1701; x_wconf 81' lang='lat' dir='ltr'>explicationibus</span> <span class='ocrx_word' id='word_1_189' title='bbox 2116 1647 2235 1688; x_wconf 86' lang='lat' dir='ltr'>binas</span> <span class='ocrx_word' id='word_1_190' title='bbox 2276 1648 2442 1701; x_wconf 88' lang='lat' dir='ltr'>saepius</span> 
     </span>
     <span class='ocr_line' id='line_1_15' title="bbox 63 1714 2444 1770; baseline -0.001 -13"><span class='ocrx_word' id='word_1_191' title='bbox 63 1716 170 1757; x_wconf 89' lang='lat' dir='ltr'>adeo</span> <span class='ocrx_word' id='word_1_192' title='bbox 201 1717 311 1757; x_wconf 87' lang='lat' dir='ltr'>inter</span> <span class='ocrx_word' id='word_1_193' title='bbox 342 1730 386 1756; x_wconf 87' lang='lat' dir='ltr'>se</span> <span class='ocrx_word' id='word_1_194' title='bbox 419 1715 610 1755; x_wconf 84' lang='lat' dir='ltr'>videmus</span> <span class='ocrx_word' id='word_1_195' title='bbox 642 1715 797 1755; x_wconf 87' lang='lat' dir='ltr'>similes</span> <span class='ocrx_word' id='word_1_196' title='bbox 830 1729 933 1763; x_wconf 82' lang='grc'><strong>6556,</strong></span> <span class='ocrx_word' id='word_1_197' title='bbox 966 1718 1011 1754; x_wconf 88' lang='grc'>111</span> <span class='ocrx_word' id='word_1_198' title='bbox 1043 1714 1232 1755; x_wconf 87' lang='lat' dir='ltr'>eiusdem</span> <span class='ocrx_word' id='word_1_199' title='bbox 1262 1714 1445 1768; x_wconf 84' lang='lat' dir='ltr'>quodam</span> <span class='ocrx_word' id='word_1_200' title='bbox 1467 1714 1589 1755; x_wconf 89' lang='lat' dir='ltr'>modo</span> <span class='ocrx_word' id='word_1_201' title='bbox 1613 1715 1794 1755; x_wconf 78' lang='lat' dir='ltr'>auctoris</span> <span class='ocrx_word' id='word_1_202' title='bbox 1817 1714 2026 1756; x_wconf 85' lang='lat' dir='ltr'>sententia</span> <span class='ocrx_word' id='word_1_203' title='bbox 2047 1715 2241 1756; x_wconf 84' lang='lat' dir='ltr'>videatur</span> <span class='ocrx_word' id='word_1_204' title='bbox 2264 1716 2444 1770; x_wconf 87' lang='lat' dir='ltr'>repetita</span> 
     </span>
     <span class='ocr_line' id='line_1_16' title="bbox 64 1782 2444 1836; baseline -0 -12"><span class='ocrx_word' id='word_1_205' title='bbox 64 1797 169 1825; x_wconf 84' lang='lat' dir='ltr'>esse.</span> <span class='ocrx_word' id='word_1_206' title='bbox 231 1784 368 1831; x_wconf 80' lang='lat' dir='ltr'>Quam</span> <span class='ocrx_word' id='word_1_207' title='bbox 413 1783 811 1823; x_wconf 78' lang='lat' dir='ltr'>commentariorum</span> <span class='ocrx_word' id='word_1_208' title='bbox 849 1782 1204 1823; x_wconf 79' lang='lat' dir='ltr'>necessitudinem</span> <span class='ocrx_word' id='word_1_209' title='bbox 1252 1797 1335 1823; x_wconf 90' lang='lat' dir='ltr'>non</span> <span class='ocrx_word' id='word_1_210' title='bbox 1367 1783 1439 1836; x_wconf 19' lang='lat' dir='ltr'>*ita</span> <span class='ocrx_word' id='word_1_211' title='bbox 1480 1796 1571 1822; x_wconf 88' lang='lat' dir='ltr'>esse</span> <span class='ocrx_word' id='word_1_212' title='bbox 1614 1783 1931 1836; x_wconf 76' lang='lat' dir='ltr'>explicandam,</span> <span class='ocrx_word' id='word_1_213' title='bbox 1979 1789 2024 1823; x_wconf 88' lang='lat' dir='ltr'>ut</span> <span class='ocrx_word' id='word_1_214' title='bbox 2063 1783 2221 1824; x_wconf 88' lang='lat' dir='ltr'>eisdem</span> <span class='ocrx_word' id='word_1_215' title='bbox 2252 1788 2444 1824; x_wconf 87' lang='lat' dir='ltr'>veterum</span> 
     </span>
     <span class='ocr_line' id='line_1_17' title="bbox 14 1850 2445 1906; baseline 0 -14"><span class='ocrx_word' id='word_1_216' title='bbox 14 1859 18 1864; x_wconf 89' lang='grc'><strong>“</strong></span> <span class='ocrx_word' id='word_1_217' title='bbox 63 1852 344 1906; x_wconf 84' lang='lat' dir='ltr'>interpretum</span> <span class='ocrx_word' id='word_1_218' title='bbox 389 1851 506 1891; x_wconf 89' lang='lat' dir='ltr'>libris</span> <span class='ocrx_word' id='word_1_219' title='bbox 551 1856 744 1892; x_wconf 83' lang='lat' dir='ltr'>auctores</span> <span class='ocrx_word' id='word_1_220' title='bbox 791 1865 937 1891; x_wconf 90' lang='lat' dir='ltr'>eorum</span> <span class='ocrx_word' id='word_1_221' title='bbox 986 1851 1046 1891; x_wconf 89' lang='lat' dir='ltr'>usi</span> <span class='ocrx_word' id='word_1_222' title='bbox 1087 1851 1187 1900; x_wconf 89' lang='grc'><strong>51111,</strong></span> <span class='ocrx_word' id='word_1_223' title='bbox 1235 1850 1309 1890; x_wconf 87' lang='lat' dir='ltr'>sed</span> <span class='ocrx_word' id='word_1_224' title='bbox 1351 1864 1480 1890; x_wconf 90' lang='lat' dir='ltr'>unum</span> <span class='ocrx_word' id='word_1_225' title='bbox 1519 1850 1691 1890; x_wconf 86' lang='lat' dir='ltr'>alterius</span> <span class='ocrx_word' id='word_1_226' title='bbox 1732 1856 1967 1892; x_wconf 88' lang='lat' dir='ltr'>commenta</span> <span class='ocrx_word' id='word_1_227' title='bbox 2008 1852 2256 1905; x_wconf 86' lang='lat' dir='ltr'>compilasse</span> <span class='ocrx_word' id='word_1_228' title='bbox 2305 1852 2445 1892; x_wconf 84' lang='lat' dir='ltr'>multis</span> 
     </span>
     <span class='ocr_line' id='line_1_18' title="bbox 67 1918 2444 1974; baseline -0 -13"><span class='ocrx_word' id='word_1_229' title='bbox 67 1920 332 1974; x_wconf 89' lang='lat' dir='ltr'>potissimum</span> <span class='ocrx_word' id='word_1_230' title='bbox 363 1919 617 1959; x_wconf 84' lang='lat' dir='ltr'>scholiorum</span> <span class='ocrx_word' id='word_1_231' title='bbox 648 1919 749 1959; x_wconf 85' lang='grc'><strong>16615</strong></span> <span class='ocrx_word' id='word_1_232' title='bbox 781 1919 1063 1968; x_wconf 84' lang='lat' dir='ltr'>confirmatur,</span> <span class='ocrx_word' id='word_1_233' title='bbox 1098 1918 1169 1958; x_wconf 89' lang='lat' dir='ltr'>ubi</span> <span class='ocrx_word' id='word_1_234' title='bbox 1202 1919 1314 1958; x_wconf 87' lang='lat' dir='ltr'>tertii</span> <span class='ocrx_word' id='word_1_235' title='bbox 1346 1919 1635 1959; x_wconf 87' lang='lat' dir='ltr'>commentarii</span> <span class='ocrx_word' id='word_1_236' title='bbox 1667 1919 2007 1960; x_wconf 78' lang='lat' dir='ltr'>annotationibus</span> <span class='ocrx_word' id='word_1_237' title='bbox 2032 1933 2116 1960; x_wconf 90' lang='lat' dir='ltr'>non</span> <span class='ocrx_word' id='word_1_238' title='bbox 2138 1920 2300 1960; x_wconf 89' lang='lat' dir='ltr'>traditis</span> <span class='ocrx_word' id='word_1_239' title='bbox 2321 1920 2444 1960; x_wconf 85' lang='lat' dir='ltr'>binae</span> 
     </span>
     <span class='ocr_line' id='line_1_19' title="bbox 66 1987 1963 2041; baseline -0.001 -12"><span class='ocrx_word' id='word_1_240' title='bbox 66 1987 120 2028; x_wconf 86' lang='lat' dir='ltr'>de</span> <span class='ocrx_word' id='word_1_241' title='bbox 153 1988 312 2029; x_wconf 86' lang='lat' dir='ltr'>eisdem</span> <span class='ocrx_word' id='word_1_242' title='bbox 344 1992 495 2041; x_wconf 86' lang='lat' dir='ltr'>poetae</span> <span class='ocrx_word' id='word_1_243' title='bbox 527 1987 668 2028; x_wconf 88' lang='lat' dir='ltr'>verbis</span> <span class='ocrx_word' id='word_1_244' title='bbox 701 1987 1007 2040; x_wconf 79' lang='lat' dir='ltr'>explicationes</span> <span class='ocrx_word' id='word_1_245' title='bbox 1038 1987 1148 2026; x_wconf 89' lang='lat' dir='ltr'>inter</span> <span class='ocrx_word' id='word_1_246' title='bbox 1180 2001 1223 2027; x_wconf 89' lang='lat' dir='ltr'>se</span> <span class='ocrx_word' id='word_1_247' title='bbox 1256 1992 1540 2040; x_wconf 83' lang='lat' dir='ltr'>congruentes</span> <span class='ocrx_word' id='word_1_248' title='bbox 1573 1987 1963 2040; x_wconf 88' lang='lat' dir='ltr'>deprehenduntur.</span> 
     </span>
    </p>
   </div>
   <div class='ocr_carea' id='block_1_6' title="bbox 271 2071 1925 2126">
    <p class='ocr_par' dir='ltr' id='par_1_6' title="bbox 271 2071 1925 2126">
     <span class='ocr_line' id='line_1_20' title="bbox 271 2071 1925 2126; baseline 0 -13"><span class='ocrx_word' id='word_1_249' title='bbox 271 2073 340 2113; x_wconf 82' lang='lat' dir='ltr'>Ad</span> <span class='ocrx_word' id='word_1_250' title='bbox 371 2074 479 2114; x_wconf 88' lang='lat' dir='ltr'>hanc</span> <span class='ocrx_word' id='word_1_251' title='bbox 512 2072 754 2126; x_wconf 88' lang='lat' dir='ltr'>opinionem</span> <span class='ocrx_word' id='word_1_252' title='bbox 786 2071 1145 2125; x_wconf 89' lang='lat' dir='ltr'>comprobendam</span> <span class='ocrx_word' id='word_1_253' title='bbox 1177 2072 1282 2112; x_wconf 87' lang='lat' dir='ltr'>haec</span> <span class='ocrx_word' id='word_1_254' title='bbox 1314 2073 1512 2126; x_wconf 88' lang='lat' dir='ltr'>exempla</span> <span class='ocrx_word' id='word_1_255' title='bbox 1545 2078 1748 2113; x_wconf 82' lang='lat' dir='ltr'>excutere</span> <span class='ocrx_word' id='word_1_256' title='bbox 1780 2073 1925 2113; x_wconf 89' lang='lat' dir='ltr'>liceat:</span> 
     </span>
    </p>
   </div>
   <div class='ocr_carea' id='block_1_7' title="bbox 71 2219 1998 2329">
    <p class='ocr_par' dir='ltr' id='par_1_7' title="bbox 71 2219 1998 2329">
     <span class='ocr_line' id='line_1_21' title="bbox 71 2219 1998 2273; baseline -0.001 -12"><span class='ocrx_word' id='word_1_257' title='bbox 71 2221 312 2261; x_wconf 82' lang='lat' dir='ltr'>Annotatur</span> <span class='ocrx_word' id='word_1_258' title='bbox 344 2219 398 2260; x_wconf 87' lang='lat' dir='ltr'>ad</span> <span class='ocrx_word' id='word_1_259' title='bbox 428 2219 563 2260; x_wconf 87' lang='lat' dir='ltr'>Andr.</span> <span class='ocrx_word' id='word_1_260' title='bbox 595 2219 628 2260; x_wconf 91' lang='grc' dir='ltr'>Ι.</span> <span class='ocrx_word' id='word_1_261' title='bbox 661 2220 698 2258; x_wconf 77' lang='lat'>2.</span> <span class='ocrx_word' id='word_1_262' title='bbox 736 2221 751 2259; x_wconf 89' lang='lat'>1</span> <span class='ocrx_word' id='word_1_263' title='bbox 788 2234 898 2273; x_wconf 86' lang='lat' dir='ltr'>sqq.:</span> <span class='ocrx_word' id='word_1_264' title='bbox 946 2219 1054 2272; x_wconf 77' lang='lat' dir='ltr'>,Non</span> <span class='ocrx_word' id='word_1_265' title='bbox 1087 2219 1262 2260; x_wconf 91' lang='lat' dir='ltr'>dubium</span> <span class='ocrx_word' id='word_1_266' title='bbox 1295 2224 1368 2269; x_wconf 89' lang='grc'><strong>651,</strong></span> <span class='ocrx_word' id='word_1_267' title='bbox 1402 2220 1501 2273; x_wconf 91' lang='lat' dir='ltr'>quin</span> <span class='ocrx_word' id='word_1_268' title='bbox 1533 2234 1712 2260; x_wconf 84' lang='lat' dir='ltr'>uxorem</span> <span class='ocrx_word' id='word_1_269' title='bbox 1744 2221 1847 2261; x_wconf 90' lang='lat' dir='ltr'>nolit</span> <span class='ocrx_word' id='word_1_270' title='bbox 1877 2221 1998 2261; x_wconf 87' lang='lat' dir='ltr'>filius.</span> 
     </span>
     <span class='ocr_line' id='line_1_22' title="bbox 943 2287 1814 2329; baseline -0.001 -2"><span class='ocrx_word' id='word_1_271' title='bbox 943 2287 1008 2328; x_wconf 90' lang='lat' dir='ltr'>Ita</span> <span class='ocrx_word' id='word_1_272' title='bbox 1040 2288 1208 2329; x_wconf 89' lang='lat' dir='ltr'>Davum</span> <span class='ocrx_word' id='word_1_273' title='bbox 1240 2288 1363 2328; x_wconf 88' lang='lat' dir='ltr'>modo</span> <span class='ocrx_word' id='word_1_274' title='bbox 1396 2288 1545 2329; x_wconf 88' lang='lat' dir='ltr'>timere</span> <span class='ocrx_word' id='word_1_275' title='bbox 1578 2289 1688 2329; x_wconf 86' lang='lat' dir='ltr'>sensi</span> <span class='ocrx_word' id='word_1_276' title='bbox 1720 2288 1814 2329; x_wconf 86' lang='lat' dir='ltr'>etc.’</span> 
     </span>
    </p>
   </div>
   <div class='ocr_carea' id='block_1_8' title="bbox 72 2488 2452 2688">
    <p class='ocr_par' dir='ltr' id='par_1_8' title="bbox 72 2488 2452 2688">
     <span class='ocr_line' id='line_1_23' title="bbox 184 2488 2450 2554; baseline 0 -17"><span class='ocrx_word' id='word_1_277' title='bbox 184 2497 282 2537; x_wconf 71' lang='lat' dir='ltr'>Non</span> <span class='ocrx_word' id='word_1_278' title='bbox 305 2495 501 2551; x_wconf 54' lang='lat' dir='ltr'>dubtmm]</span> <span class='ocrx_word' id='word_1_279' title='bbox 555 2497 807 2538; x_wconf 83' lang='lat' dir='ltr'>Narratione</span> <span class='ocrx_word' id='word_1_280' title='bbox 839 2498 922 2538; x_wconf 91' lang='lat' dir='ltr'>iam</span> <span class='ocrx_word' id='word_1_281' title='bbox 954 2498 1097 2538; x_wconf 87' lang='lat' dir='ltr'>habita</span> <span class='ocrx_word' id='word_1_282' title='bbox 1130 2512 1225 2552; x_wconf 88' lang='lat' dir='ltr'>per-</span> <span class='ocrx_word' id='word_1_283' title='bbox 1260 2488 1262 2513; x_wconf 64' lang='lat'>³</span> <span class='ocrx_word' id='word_1_284' title='bbox 1412 2498 1483 2539; x_wconf 74' lang='lat' dir='ltr'>Ita</span> <span class='ocrx_word' id='word_1_285' title='bbox 1521 2498 1637 2539; x_wconf 64' lang='lat' dir='ltr'>mocio</span> <span class='ocrx_word' id='word_1_286' title='bbox 1677 2498 1847 2539; x_wconf 61' lang='lat' dir='ltr'>Damon</span> <span class='ocrx_word' id='word_1_287' title='bbox 1887 2499 2030 2543; x_wconf 55' lang='lat' dir='ltr'>timere.</span> <span class='ocrx_word' id='word_1_288' title='bbox 2059 2496 2197 2554; x_wconf 52' lang='lat' dir='ltr'>sensi]</span> <span class='ocrx_word' id='word_1_289' title='bbox 2259 2498 2353 2539; x_wconf 86' lang='lat' dir='ltr'>Non</span> <span class='ocrx_word' id='word_1_290' title='bbox 2386 2512 2450 2538; x_wconf 89' lang='lat' dir='ltr'>re-</span> 
     </span>
     <span class='ocr_line' id='line_1_24' title="bbox 72 2560 2452 2620; baseline 0 -15"><span class='ocrx_word' id='word_1_291' title='bbox 72 2578 176 2606; x_wconf 88' lang='lat' dir='ltr'>sona</span> <span class='ocrx_word' id='word_1_292' title='bbox 202 2565 346 2606; x_wconf 83' lang='lat' dir='ltr'>Sosiae</span> <span class='ocrx_word' id='word_1_293' title='bbox 378 2580 461 2606; x_wconf 89' lang='lat' dir='ltr'>non</span> <span class='ocrx_word' id='word_1_294' title='bbox 494 2570 585 2606; x_wconf 86' lang='lat' dir='ltr'>crat</span> <span class='ocrx_word' id='word_1_295' title='bbox 614 2566 872 2606; x_wconf 87' lang='lat' dir='ltr'>necessaria:</span> <span class='ocrx_word' id='word_1_296' title='bbox 906 2579 1007 2619; x_wconf 80' lang='lat' dir='ltr'>ergo</span> <span class='ocrx_word' id='word_1_297' title='bbox 1040 2566 1227 2606; x_wconf 85' lang='lat' dir='ltr'>subsistit</span> <span class='ocrx_word' id='word_1_298' title='bbox 1261 2560 1262 2590; x_wconf 53' lang='grc' dir='ltr'><strong>ἶ</strong></span> <span class='ocrx_word' id='word_1_299' title='bbox 1299 2568 1423 2607; x_wconf 67' lang='lat' dir='ltr'>cessit</span> <span class='ocrx_word' id='word_1_300' title='bbox 1455 2567 1506 2607; x_wconf 88' lang='lat' dir='ltr'>de</span> <span class='ocrx_word' id='word_1_301' title='bbox 1539 2567 1630 2607; x_wconf 93' lang='lat' dir='ltr'>loco</span> <span class='ocrx_word' id='word_1_302' title='bbox 1662 2580 1819 2608; x_wconf 88' lang='lat' dir='ltr'>senex:</span> <span class='ocrx_word' id='word_1_303' title='bbox 1866 2565 2003 2607; x_wconf 68' lang='lat' dir='ltr'>Sensit</span> <span class='ocrx_word' id='word_1_304' title='bbox 2034 2580 2136 2620; x_wconf 84' lang='lat' dir='ltr'>ergo</span> <span class='ocrx_word' id='word_1_305' title='bbox 2168 2570 2286 2618; x_wconf 79' lang='lat' dir='ltr'>ante,</span> <span class='ocrx_word' id='word_1_306' title='bbox 2328 2580 2452 2619; x_wconf 88' lang='lat' dir='ltr'>quam</span> 
     </span>
     <span class='ocr_line' id='line_1_25' title="bbox 75 2627 1944 2688; baseline 0.001 -15"><span class='ocrx_word' id='word_1_307' title='bbox 75 2646 222 2685; x_wconf 74' lang='lat' dir='ltr'>seneX,</span> <span class='ocrx_word' id='word_1_308' title='bbox 254 2647 331 2686; x_wconf 85' lang='lat' dir='ltr'>per</span> <span class='ocrx_word' id='word_1_309' title='bbox 362 2647 488 2686; x_wconf 89' lang='lat' dir='ltr'>quem</span> <span class='ocrx_word' id='word_1_310' title='bbox 520 2633 687 2687; x_wconf 87' lang='lat' dir='ltr'>agenda</span> <span class='ocrx_word' id='word_1_311' title='bbox 717 2638 814 2674; x_wconf 90' lang='lat' dir='ltr'>sunt</span> <span class='ocrx_word' id='word_1_312' title='bbox 845 2634 1020 2687; x_wconf 87' lang='lat' dir='ltr'>reliqua.</span> <span class='ocrx_word' id='word_1_313' title='bbox 1262 2627 1263 2656; x_wconf 62' lang='lat'><em>³</em></span> <span class='ocrx_word' id='word_1_314' title='bbox 1300 2648 1395 2674; x_wconf 90' lang='lat' dir='ltr'>cum</span> <span class='ocrx_word' id='word_1_315' title='bbox 1428 2634 1547 2676; x_wconf 82' lang='lat' dir='ltr'>Sosia</span> <span class='ocrx_word' id='word_1_316' title='bbox 1579 2635 1694 2688; x_wconf 92' lang='lat' dir='ltr'>loqui</span> <span class='ocrx_word' id='word_1_317' title='bbox 1726 2635 1944 2688; x_wconf 87' lang='lat' dir='ltr'>coepisset.</span> 
     </span>
    </p>
   </div>
   <div class='ocr_carea' id='block_1_9' title="bbox 75 2700 1264 2820">
    <p class='ocr_par' dir='ltr' id='par_1_9' title="bbox 75 2700 1264 2820">
     <span class='ocr_line' id='line_1_26' title="bbox 186 2700 1264 2756; baseline -0.001 -15"><span class='ocrx_word' id='word_1_318' title='bbox 186 2700 346 2753; x_wconf 67' lang='lat' dir='ltr'>Modo]</span> <span class='ocrx_word' id='word_1_319' title='bbox 395 2705 492 2742; x_wconf 89' lang='lat' dir='ltr'>ante</span> <span class='ocrx_word' id='word_1_320' title='bbox 531 2715 657 2755; x_wconf 88' lang='lat' dir='ltr'>quam</span> <span class='ocrx_word' id='word_1_321' title='bbox 695 2716 790 2742; x_wconf 90' lang='lat' dir='ltr'>cum</span> <span class='ocrx_word' id='word_1_322' title='bbox 822 2702 942 2742; x_wconf 84' lang='lat' dir='ltr'>Sosia</span> <span class='ocrx_word' id='word_1_323' title='bbox 979 2702 1092 2756; x_wconf 91' lang='lat' dir='ltr'>loqui</span> <span class='ocrx_word' id='word_1_324' title='bbox 1135 2716 1227 2743; x_wconf 88' lang='lat' dir='ltr'>coe·</span> <span class='ocrx_word' id='word_1_325' title='bbox 1263 2736 1264 2740; x_wconf 72' lang='grc'><strong>,</strong></span> 
     </span>
     <span class='ocr_line' id='line_1_27' title="bbox 75 2767 1264 2820; baseline 0.001 -12"><span class='ocrx_word' id='word_1_326' title='bbox 75 2767 204 2820; x_wconf 86' lang='lat' dir='ltr'>pisset</span> <span class='ocrx_word' id='word_1_327' title='bbox 232 2768 359 2809; x_wconf 83' lang='lat' dir='ltr'>Simo.</span> <span class='ocrx_word' id='word_1_328' title='bbox 412 2768 467 2809; x_wconf 86' lang='lat' dir='ltr'>Et</span> <span class='ocrx_word' id='word_1_329' title='bbox 488 2768 639 2810; x_wconf 63' lang='lat' dir='ltr'>Davus</span> <span class='ocrx_word' id='word_1_330' title='bbox 670 2784 753 2810; x_wconf 91' lang='lat' dir='ltr'>non</span> <span class='ocrx_word' id='word_1_331' title='bbox 784 2774 899 2811; x_wconf 90' lang='lat' dir='ltr'>recte</span> <span class='ocrx_word' id='word_1_332' title='bbox 931 2770 1126 2810; x_wconf 87' lang='lat' dir='ltr'>scribitur</span> <span class='ocrx_word' id='word_1_333' title='bbox 1149 2775 1226 2811; x_wconf 90' lang='grc'><strong>616.</strong></span> <span class='ocrx_word' id='word_1_334' title='bbox 1263 2814 1264 2820; x_wconf 18' lang='lat'>¹</span> 
     </span>
    </p>
   </div>
   <div class='ocr_carea' id='block_1_10' title="bbox 277 2959 1766 3071">
    <p class='ocr_par' dir='ltr' id='par_1_10' title="bbox 277 2959 1766 3071">
     <span class='ocr_line' id='line_1_28' title="bbox 277 2959 1766 3016; baseline 0.002 -17"><span class='ocrx_word' id='word_1_335' title='bbox 277 2959 340 3000; x_wconf 89' lang='lat' dir='ltr'>Ib.</span> <span class='ocrx_word' id='word_1_336' title='bbox 372 2959 428 3000; x_wconf 92' lang='lat' dir='ltr'>II.</span> <span class='ocrx_word' id='word_1_337' title='bbox 462 2961 499 3001; x_wconf 91' lang='lat'>6.</span> <span class='ocrx_word' id='word_1_338' title='bbox 537 2961 586 3000; x_wconf 78' lang='lat'>12</span> <span class='ocrx_word' id='word_1_339' title='bbox 618 2975 730 3014; x_wconf 87' lang='lat' dir='ltr'>sqq.:</span> <span class='ocrx_word' id='word_1_340' title='bbox 777 2961 905 3011; x_wconf 85' lang='lat' dir='ltr'>,Dum</span> <span class='ocrx_word' id='word_1_341' title='bbox 936 2961 1097 3002; x_wconf 88' lang='lat' dir='ltr'>licitum</span> <span class='ocrx_word' id='word_1_342' title='bbox 1129 2967 1192 3003; x_wconf 90' lang='lat' dir='ltr'>est</span> <span class='ocrx_word' id='word_1_343' title='bbox 1224 2963 1262 3003; x_wconf 93' lang='lat' dir='ltr'>ei</span> <span class='ocrx_word' id='word_1_344' title='bbox 1294 2962 1478 3016; x_wconf 88' lang='lat' dir='ltr'>dumque</span> <span class='ocrx_word' id='word_1_345' title='bbox 1511 2966 1628 3003; x_wconf 87' lang='lat' dir='ltr'>aetas</span> <span class='ocrx_word' id='word_1_346' title='bbox 1660 2962 1766 3013; x_wconf 83' lang='lat' dir='ltr'>tulit,</span> 
     </span>
     <span class='ocr_line' id='line_1_29' title="bbox 778 3028 1096 3071; baseline 0.006 -2"><span class='ocrx_word' id='word_1_347' title='bbox 778 3028 950 3070; x_wconf 88' lang='lat' dir='ltr'>Amavit</span> <span class='ocrx_word' id='word_1_348' title='bbox 982 3029 1096 3071; x_wconf 87' lang='lat' dir='ltr'>etc.’:</span> 
     </span>
    </p>
   </div>
   <div class='ocr_carea' id='block_1_11' title="bbox 633 3141 1905 3232">
    <p class='ocr_par' dir='ltr' id='par_1_11' title="bbox 633 3141 1905 3232">
     <span class='ocr_line' id='line_1_30' title="bbox 633 3141 1905 3232; baseline 0.002 -51"><span class='ocrx_word' id='word_1_349' title='bbox 633 3141 665 3182; x_wconf 94' lang='grc' dir='ltr'>Ι.</span> <span class='ocrx_word' id='word_1_350' title='bbox 1267 3144 1270 3232; x_wconf 63' lang='lat' dir='ltr'>&#39;j</span> <span class='ocrx_word' id='word_1_351' title='bbox 1847 3143 1905 3183; x_wconf 91' lang='grc' dir='ltr'>Π.</span> 
     </span>
    </p>
   </div>
   <div class='ocr_carea' id='block_1_12' title="bbox 76 3218 2457 3478">
    <p class='ocr_par' dir='ltr' id='par_1_12' title="bbox 76 3218 2457 3478">
     <span class='ocr_line' id='line_1_31' title="bbox 191 3218 2454 3274; baseline 0 -15"><span class='ocrx_word' id='word_1_352' title='bbox 191 3218 309 3260; x_wconf 76' lang='lat' dir='ltr'>Dum</span> <span class='ocrx_word' id='word_1_353' title='bbox 348 3219 501 3260; x_wconf 68' lang='lat' dir='ltr'>licitum</span> <span class='ocrx_word' id='word_1_354' title='bbox 539 3220 627 3274; x_wconf 59' lang='lat' dir='ltr'>est]</span> <span class='ocrx_word' id='word_1_355' title='bbox 677 3221 810 3262; x_wconf 88' lang='lat' dir='ltr'>Deest</span> <span class='ocrx_word' id='word_1_356' title='bbox 840 3236 918 3273; x_wconf 70' lang='lat' dir='ltr'>per</span> <span class='ocrx_word' id='word_1_357' title='bbox 957 3225 1012 3262; x_wconf 77' lang='lat' dir='ltr'>tc:</span> <span class='ocrx_word' id='word_1_358' title='bbox 1058 3223 1136 3263; x_wconf 91' lang='lat' dir='ltr'>hoc</span> <span class='ocrx_word' id='word_1_359' title='bbox 1172 3227 1235 3263; x_wconf 88' lang='lat' dir='ltr'>est</span> <span class='ocrx_word' id='word_1_360' title='bbox 1423 3221 1525 3263; x_wconf 76' lang='lat' dir='ltr'>Cum</span> <span class='ocrx_word' id='word_1_361' title='bbox 1563 3222 1671 3274; x_wconf 73' lang='lat' dir='ltr'>falso</span> <span class='ocrx_word' id='word_1_362' title='bbox 1711 3223 1894 3262; x_wconf 77' lang='lat' dir='ltr'>lemmate</span> <span class='ocrx_word' id='word_1_363' title='bbox 1931 3221 2048 3274; x_wconf 72' lang='lat' dir='ltr'>vzclyo</span> <span class='ocrx_word' id='word_1_364' title='bbox 2086 3236 2122 3261; x_wconf 82' lang='lat' dir='ltr'>v.</span> <span class='ocrx_word' id='word_1_365' title='bbox 2166 3221 2219 3261; x_wconf 82' lang='lat'>13</span> <span class='ocrx_word' id='word_1_366' title='bbox 2241 3219 2454 3273; x_wconf 63' lang='lat' dir='ltr'>positmn]</span> 
     </span>
     <span class='ocr_line' id='line_1_32' title="bbox 78 3285 2455 3343; baseline 0.001 -17"><span class='ocrx_word' id='word_1_367' title='bbox 78 3285 180 3327; x_wconf 89' lang='lat' dir='ltr'>dum</span> <span class='ocrx_word' id='word_1_368' title='bbox 218 3291 264 3328; x_wconf 90' lang='lat' dir='ltr'>tu</span> <span class='ocrx_word' id='word_1_369' title='bbox 301 3288 539 3341; x_wconf 87' lang='lat' dir='ltr'>permisisti.</span> <span class='ocrx_word' id='word_1_370' title='bbox 602 3288 658 3330; x_wconf 89' lang='lat' dir='ltr'>Et</span> <span class='ocrx_word' id='word_1_371' title='bbox 696 3289 800 3329; x_wconf 87' lang='lat' dir='ltr'>mire</span> <span class='ocrx_word' id='word_1_372' title='bbox 833 3290 899 3330; x_wconf 91' lang='lat' dir='ltr'>hic</span> <span class='ocrx_word' id='word_1_373' title='bbox 931 3290 1062 3330; x_wconf 91' lang='lat' dir='ltr'>utitur</span> <span class='ocrx_word' id='word_1_374' title='bbox 1094 3290 1234 3331; x_wconf 86' lang='lat' dir='ltr'>verbis</span> <span class='ocrx_word' id='word_1_375' title='bbox 1306 3290 1413 3330; x_wconf 88' lang='lat' dir='ltr'>Mire</span> <span class='ocrx_word' id='word_1_376' title='bbox 1460 3290 1591 3330; x_wconf 87' lang='lat' dir='ltr'>utitur</span> <span class='ocrx_word' id='word_1_377' title='bbox 1629 3291 1739 3330; x_wconf 88' lang='lat' dir='ltr'>senis</span> <span class='ocrx_word' id='word_1_378' title='bbox 1778 3290 1928 3330; x_wconf 86' lang='lat' dir='ltr'>verbis.</span> <span class='ocrx_word' id='word_1_379' title='bbox 1977 3290 2067 3343; x_wconf 92' lang='lat' dir='ltr'>ipse</span> <span class='ocrx_word' id='word_1_380' title='bbox 2109 3290 2221 3330; x_wconf 91' lang='lat' dir='ltr'>enim</span> <span class='ocrx_word' id='word_1_381' title='bbox 2268 3287 2455 3329; x_wconf 85' lang='lat' dir='ltr'>dixerat:</span> 
     </span>
     <span class='ocr_line' id='line_1_33' title="bbox 76 3353 2457 3410; baseline 0.001 -16"><span class='ocrx_word' id='word_1_382' title='bbox 76 3353 202 3394; x_wconf 81' lang='lat' dir='ltr'>senis.</span> <span class='ocrx_word' id='word_1_383' title='bbox 233 3355 324 3408; x_wconf 89' lang='lat' dir='ltr'>ipse</span> <span class='ocrx_word' id='word_1_384' title='bbox 363 3356 475 3396; x_wconf 89' lang='lat' dir='ltr'>enim</span> <span class='ocrx_word' id='word_1_385' title='bbox 510 3371 638 3410; x_wconf 88' lang='lat' dir='ltr'>supra</span> <span class='ocrx_word' id='word_1_386' title='bbox 670 3357 796 3398; x_wconf 90' lang='lat' dir='ltr'>dixit:</span> <span class='ocrx_word' id='word_1_387' title='bbox 842 3358 960 3399; x_wconf 75' lang='lat' dir='ltr'>Dum</span> <span class='ocrx_word' id='word_1_388' title='bbox 992 3361 1151 3410; x_wconf 66' lang='lat' dir='ltr'>tempus</span> <span class='ocrx_word' id='word_1_389' title='bbox 1181 3358 1237 3398; x_wconf 78' lang='lat' dir='ltr'>ad</span> <span class='ocrx_word' id='word_1_390' title='bbox 1306 3357 1424 3398; x_wconf 77' lang='lat' dir='ltr'>Dum</span> <span class='ocrx_word' id='word_1_391' title='bbox 1455 3361 1613 3408; x_wconf 67' lang='lat' dir='ltr'>tempas</span> <span class='ocrx_word' id='word_1_392' title='bbox 1643 3358 1698 3398; x_wconf 75' lang='lat' dir='ltr'>ad</span> <span class='ocrx_word' id='word_1_393' title='bbox 1727 3371 1816 3398; x_wconf 71' lang='lat' dir='ltr'>eam</span> <span class='ocrx_word' id='word_1_394' title='bbox 1838 3371 1924 3398; x_wconf 74' lang='lat' dir='ltr'>rem</span> <span class='ocrx_word' id='word_1_395' title='bbox 1956 3356 2061 3408; x_wconf 66' lang='lat' dir='ltr'>tulit,</span> <span class='ocrx_word' id='word_1_396' title='bbox 2092 3358 2170 3397; x_wconf 71' lang='lat' dir='ltr'>sivi</span> <span class='ocrx_word' id='word_1_397' title='bbox 2201 3357 2383 3397; x_wconf 65' lang='lat' dir='ltr'>conionum</span> <span class='ocrx_word' id='word_1_398' title='bbox 2413 3359 2457 3396; x_wconf 72' lang='lat' dir='ltr'>ut</span> 
     </span>
     <span class='ocr_line' id='line_1_34' title="bbox 77 3423 1644 3478; baseline 0.003 -19"><span class='ocrx_word' id='word_1_399' title='bbox 77 3432 168 3460; x_wconf 81' lang='lat' dir='ltr'>eam</span> <span class='ocrx_word' id='word_1_400' title='bbox 196 3434 282 3462; x_wconf 78' lang='lat' dir='ltr'>rem</span> <span class='ocrx_word' id='word_1_401' title='bbox 314 3423 423 3474; x_wconf 66' lang='lat' dir='ltr'>tulit,</span> <span class='ocrx_word' id='word_1_402' title='bbox 462 3424 560 3474; x_wconf 68' lang='lat' dir='ltr'>sivi,</span> <span class='ocrx_word' id='word_1_403' title='bbox 599 3425 782 3466; x_wconf 66' lang='lat' dir='ltr'>animum</span> <span class='ocrx_word' id='word_1_404' title='bbox 817 3428 862 3465; x_wconf 70' lang='lat' dir='ltr'>ut</span> <span class='ocrx_word' id='word_1_405' title='bbox 892 3425 1069 3478; x_wconf 70' lang='lat' dir='ltr'>expleret</span> <span class='ocrx_word' id='word_1_406' title='bbox 1100 3439 1232 3467; x_wconf 76' lang='lat' dir='ltr'>suum.</span> <span class='ocrx_word' id='word_1_407' title='bbox 1306 3427 1482 3477; x_wconf 69' lang='lat' dir='ltr'>expleret</span> <span class='ocrx_word' id='word_1_408' title='bbox 1512 3439 1644 3466; x_wconf 69' lang='lat' dir='ltr'>secum.</span> 
     </span>
    </p>
   </div>
  </div>
 </body>
</html>
