2560 3699
1079 284 1130 288 ..
1191 257 1244 295 22
1305 278 1358 284 .-

41 414 97 446 est
137 414 280 443 carum
320 396 431 436 mila:
493 393 588 433 Non
620 389 731 431 enim
762 387 896 427 solum
925 381 1066 424 intulit
1097 379 1208 435 quod
1239 377 1566 433 expectabatur:
1618 374 1693 415 sed
1715 373 1930 424 absolute,
1970 372 2088 427 quasi
2127 386 2181 413 ex
2218 368 2413 412 omnibus

40 473 172 513 solum
203 467 245 507 id
277 469 351 516 est,
381 459 528 515 inquit.

241 534 381 586 Lege:
428 529 523 570 Non
556 524 666 566 enim
697 523 842 563 solus
872 518 1024 571 intulit,
1058 517 1169 572 quod
1202 513 1511 570 expectabatur
1542 514 1622 551 etc.

935 598 1120 651 Adelph.
1154 595 1227 637 IV.
1259 596 1297 635 ὃ.
1335 592 1397 632 19.
1432 610 1520 650 sqq.

890 666 932 707 Is
962 665 1100 717 venit,
1142 669 1188 705 ut
1219 678 1362 705 secum
1401 666 1555 706 avehat

513 740 623 781 Nam
644 737 807 778 habitat
828 733 964 776 Mileti
1000 733 1016 787 ΙΙ
1052 733 1178 780 Hem,
1210 732 1420 787 virginem
1452 738 1497 774 ut
1528 748 1671 775 secum
1693 731 1876 775 avehat?
1914 731 1931 785 Η

515 806 583 848 Sic
616 810 689 847 est.
730 804 744 856 ΙΙ
782 803 977 844 Miletum
1008 815 1143 855 usque
1175 804 1347 842 obsecro
1381 807 1460 843 etc.

244 893 288 933 Is
318 891 426 931 venit
457 896 502 927 ut
532 900 669 926 secum
689 882 866 935 avehat]
912 880 1043 922 Aliud
1065 879 1185 934 peius
1216 880 1258 920 in
1281 885 1475 931 amatam,
1507 886 1554 921 ut
1582 894 1658 921 ncc
1685 879 1865 921 Athenis
1897 880 2046 920 saltem
2077 874 2199 918 alteri
2219 875 2417 917 nuberet.

248 961 387 1013 Lege:
421 954 551 998 Aliud
580 953 700 1008 peius
731 951 774 992 in
805 953 1089 991 amatorem
1122 952 1199 988 etc.

913 1027 1095 1081 Adelph.
1130 1027 1180 1066 V.
1212 1026 1250 1067 5.
1284 1028 1320 1068 8.
1358 1027 1420 1068 15.
1454 1041 1544 1081 sqq.

515 1101 608 1155 Ego
640 1114 774 1141 novus
805 1097 980 1138 maritus
1012 1109 1121 1137 anno
1155 1095 1324 1136 demum
1356 1095 1502 1149 quinto
1534 1099 1575 1135 et
1607 1093 1873 1149 sexagesimo

516 1169 637 1211 Fiam
669 1172 792 1221 atque
824 1180 953 1207 anum
985 1163 1245 1217 decrepitam
1277 1163 1458 1203 ducam?

245 1242 335 1297 Eyo
368 1240 458 1293 etan]
519 1238 603 1279 Hic
644 1236 763 1276 deest
802 1239 843 1275 et
879 1232 1000 1283 Quis,
1042 1237 1083 1273 et
1127 1231 1250 1282 Quid,
1291 1236 1333 1271 et
1369 1232 1562 1281 Quando,
1602 1235 1644 1271 et
1682 1231 1914 1281 Quomodo:
1959 1235 2006 1271 ut
2043 1228 2108 1282 sit,
2147 1226 2278 1276 Quis?
2325 1240 2419 1280 ego.

45 1314 182 1365 Quid?
214 1326 347 1354 novus
380 1311 565 1350 maritus.
628 1303 838 1351 Quando?
877 1315 986 1342 anno
1021 1301 1191 1341 demum
1222 1298 1367 1353 quinto
1401 1304 1443 1340 et
1473 1297 1754 1352 sexagesimo.
1819 1298 2069 1346 Quomodo?
2118 1310 2246 1338 anum
2276 1295 2422 1336 decre-

44 1384 176 1440 pitam
207 1382 368 1422 ducam.

250 1450 391 1502 Lege:
438 1445 523 1488 Hic
555 1458 650 1486 non
683 1442 802 1482 deest
834 1443 909 1479 etc.

1045 1494 1215 1534 Phorm.
1249 1492 1283 1533 Ι.
1318 1494 1352 1532 1.
1390 1494 1424 1534 1.

714 1564 857 1607 Primo
890 1561 1000 1604 actui
1032 1566 1338 1603 commentator
1368 1561 1473 1602 haec
1506 1559 1758 1614 praemittit:

252 1641 375 1690 Quod
405 1641 449 1680 in
480 1637 672 1680 omnibus
703 1634 794 1674 fere
826 1631 1067 1682 comoediis,
1100 1631 1141 1670 in
1175 1630 1326 1684 quibus
1358 1630 1569 1683 perplexa
1599 1633 1853 1682 argumenta
1884 1632 1993 1680 sunt,
2025 1627 2117 1667 fieri
2149 1627 2268 1680 solet,
2307 1627 2351 1668 id
2381 1627 2424 1667 in

49 1715 127 1754 hac
159 1724 325 1766 quoque
359 1709 583 1750 Terentius
614 1707 775 1745 servat:
815 1706 861 1741 ut
890 1699 1130 1755 προτατικόν
1161 1713 1386 1754 προσωπον,
1419 1697 1461 1737 id
1494 1702 1570 1748 est,
1604 1710 1831 1752 personam
1864 1701 1988 1736 extra
2018 1702 2332 1751 argumentum,
2363 1696 2424 1736 in-

49 1782 195 1822 ducat:
229 1779 296 1820 cui
327 1777 427 1817 dum
459 1775 511 1817 ob
542 1775 621 1815 hoc
651 1773 801 1827 ipsum,
842 1768 954 1823 quod
988 1768 1119 1808 veluti
1152 1765 1290 1808 aliena
1327 1772 1416 1808 tota
1454 1766 1599 1807 fabula
1643 1769 1725 1816 est,
1765 1769 1886 1818 gesta
1926 1777 1993 1804 res
2025 1770 2242 1815 narratur,
2289 1762 2426 1804 discat

55 1848 240 1904 populus
270 1850 437 1886 textum
469 1857 523 1884 ex
555 1839 815 1882 continentia
846 1851 1002 1888 rerum,
1035 1836 1173 1887 sitque
1206 1836 1434 1875 instructus
1466 1834 1520 1874 ad
1552 1838 1706 1874 cetera.

255 1913 324 1955 Ad
361 1914 467 1953 haec
505 1910 637 1951 verba
668 1904 993 1948 Westerhovius
1031 1902 1266 1944 annotavit:
1315 1903 1470 1942 Aliena
1511 1911 1595 1942 tota
1631 1900 1821 1955 fabula]
1884 1899 2036 1940 Forte-z
2084 1897 2239 1939 Aliena
2275 1913 2301 1940 a
2337 1902 2431 1940 tota

53 1985 209 2027 fabula.
240 2007 294 2012 ——
327 1980 395 2022 Sic
424 1977 656 2033 legendum
694 1988 784 2015 esse
816 1973 1087 2015 confirmatur
1127 1970 1277 2012 eadem
1318 1969 1591 2011 annotatione
1630 1967 1879 2010 scholiastae
1920 1965 2073 2008 codicis
2105 1965 2316 2019 Bembini,
2355 1965 2428 2021 qui

52 2054 131 2095 hoc
161 2053 254 2093 loco
284 2050 429 2091 habet:
464 2079 472 2087 .
499 2081 506 2087 .
531 2078 538 2086 .
563 2043 628 2086 cui
662 2043 762 2084 dum
793 2043 845 2084 ob
876 2041 1027 2096 ipsum,
1060 2040 1172 2094 quod
1205 2038 1338 2080 veluti
1369 2038 1509 2080 aliena
1540 2050 1569 2080 a
1599 2042 1688 2078 tota
1729 2038 1875 2078 fabula
1906 2039 1981 2088 est,
2025 2048 2092 2075 res
2133 2039 2253 2088 gesta
2282 2047 2429 2075 narra-

51 2126 122 2162 tur
153 2124 232 2161 etc·
282 2117 367 2170 (Cf
400 2116 427 2157 l·
458 2116 485 2155 1·
517 2129 557 2169 p'
589 2110 706 2165 379)
1039 2166 1197 2206 Phorm
1243 2165 1262 2205 Ῑ
1309 2165 1333 2204 2
1379 2165 1432 2206 37

759 2236 846 2277 Nos
878 2234 998 2276 otiosi
1030 2248 1203 2288 operam
1235 2233 1437 2274 dabamus
1469 2230 1720 2273 Phaedriae.

257 2322 348 2364 Nos
380 2319 470 2373 eta]
533 2319 620 2360 Aut
652 2317 703 2359 ad
735 2316 943 2370 pudorem
974 2312 1151 2355 sumitur
1182 2314 1260 2353 hoc
1292 2326 1527 2367 pronomen
1558 2311 1601 2352 in
1632 2309 1835 2364 singulari
1868 2323 2064 2350 numero:
2105 2312 2178 2350 aut
2210 2307 2262 2349 ad
2295 2306 2435 2361 digni-

57 2398 199 2434 tatem.
232 2391 306 2432 sed
336 2393 475 2445 potest
505 2402 579 2427 ποις
613 2391 653 2426 et
684 2389 859 2440 propter
889 2381 1180 2435 Antiphonem
1215 2380 1384 2421 dixisse.

261 2459 402 2512 Lege:
435 2458 523 2497 Aut
553 2454 606 2496 ad
637 2454 843 2508 pudorem
875 2450 1053 2493 sumitur
1085 2451 1163 2490 hoc
1194 2462 1428 2504 pronomen
1461 2447 1503 2488 in
1534 2447 1731 2502 plurali
1762 2460 1938 2486 numero
1971 2450 2049 2487 etc.

967 2531 1140 2571 Phorm.
1174 2528 1229 2569 II.
1269 2530 1300 2569 l.
1335 2529 1400 2569 81.
1438 2542 1526 2581 sqq.

675 2601 764 2654 [At]
799 2613 878 2652 ego
911 2599 1012 2639 deos
1043 2601 1220 2651 penates
1250 2595 1347 2636 hinc
1380 2596 1608 2636 salutatum
1641 2594 1822 2635 domum.

694 2680 917 2721 Devertar.

266 2754 321 2792 Aa
371 2766 441 2806 eqo
493 2749 582 2802 eta]
662 2749 792 2790 Nulla
850 2745 1005 2787 mentio
1066 2745 1112 2785 fit
1171 2743 1315 2784 uxoris
1377 2743 1490 2797 apud
1548 2741 1872 2796 Demiphonem.
1925 2754 2008 2780 non
2067 2738 2179 2780 enim
2239 2738 2436 2780 convenit

68 2824 316 2874 argumento
347 2824 393 2859 ut
422 2818 591 2859 habeat.
623 2831 761 2871 neque
794 2814 894 2869 quid
925 2814 967 2855 in
1001 2812 1148 2854 Cilicia
1179 2811 1369 2866 gesserit,
1418 2811 1730 2851 demonstratur
1761 2807 1869 2860 ideo,
1910 2806 2009 2861 quia
2046 2807 2130 2848 iam
2161 2805 2318 2847 dictum
2349 2811 2436 2848 est:

70 2887 221 2928 Noster
241 2889 284 2927 in
310 2887 498 2927 Ciliciam
530 2887 585 2924 (ιᾶ
607 2885 801 2938 hospitem
825 2885 1058 2936 antz‘qmmn.
1092 2895 1218 2921 causa
1246 2878 1358 2920 enim
1381 2877 1572 2933 quaesita
1594 2882 1656 2919 est
1678 2891 1752 2917 cur
1773 2876 1953 2925 abesset,
1986 2875 2086 2916 dum
2110 2888 2288 2915 uxorem
2310 2874 2439 2915 ducat

70 2954 280 3008 Antipho:
314 2959 355 2995 et
386 2968 510 2994 causa
542 2967 597 2993 ex
628 2956 817 3005 argento,
850 2950 891 2990 id
925 2955 999 3001 est,
1032 2948 1221 3001 avaritia,
1254 2962 1336 3001 quo
1368 2946 1506 2987 minus
1536 2944 1732 2986 videatur
1764 2943 1850 2997 pati
1889 2958 2044 2983 nurum
2074 2956 2322 2998 pauperem,
2365 2941 2439 2997 qui

73 3022 125 3062 ob
158 3035 274 3075 spem
303 3020 406 3061 lucri
438 3021 490 3061 ab
512 3019 654 3060 Attica
683 3018 725 3058 in
759 3017 948 3058 Ciliciam
979 3016 1202 3070 navigarit.

273 3088 409 3141 Lege:
443 3119 451 3127 .
479 3087 594 3128 ..Et
625 3100 750 3127 causa
782 3099 835 3125 ex
867 3090 1196 3138 argumento,
1228 3083 1270 3124 id
1303 3088 1379 3132 est,
1412 3080 1588 3123 avaritia
1610 3085 1688 3121 etc.

1036 3164 1205 3204 Pharm.
1239 3163 1295 3203 Π.
1327 3163 1365 3204 3.
1399 3163 1466 3203 79.

941 3231 1049 3270 Tute
1082 3230 1194 3270 idem
1225 3230 1374 3271 melius
1408 3229 1572 3271 feceris.

287 3311 389 3350 Tute
421 3311 510 3363 etex]
571 3311 707 3350 Locus
740 3314 802 3349 est
832 3307 911 3357 hic,
944 3313 990 3348 ut
1021 3310 1214 3349 ostendat
1246 3309 1445 3350 Phormio
1478 3309 1530 3349 de
1562 3312 1779 3361 compacto
1813 3306 1948 3359 egisse
1981 3320 2077 3346 cum
2107 3303 2367 3357 Antiphone.

280 3377 418 3431 Lege:
453 3409 493 3417 ..
518 3410 525 3417 .
548 3383 593 3417 ut
624 3376 814 3417 ostendat
836 3374 1031 3415 Phormio
1064 3390 1163 3416 non
1196 3377 1246 3416 de
1280 3382 1497 3430 compacto
1531 3375 1666 3429 egisse
1699 3380 1776 3415 etc.
1829 3375 1909 3424 (Cf.
1945 3372 2186 3427 proximum
2216 3369 2443 3412 scholium:

92 3444 190 3484 Tute
222 3444 309 3496 eta]
344 3476 351 3483 .
377 3477 384 3483 .
410 3477 416 3483 .
442 3478 448 3483 .
473 3444 707 3484 Artificiose
740 3448 881 3484 autem
911 3442 1095 3495 loquitur
1126 3443 1340 3495 Phormio,
1380 3451 1425 3483 ut
1457 3443 1612 3484 adimat
1643 3441 1928 3496 suspicionem
1960 3440 2049 3481 seni
2082 3437 2365 3480 consensionis
2397 3442 2443 3479 et
2478 3479 2480 3481 ,

90 3510 377 3551 conhibentiae
408 3510 516 3550 inter
546 3510 773 3563 parasitum
806 3514 846 3550 et
876 3509 1036 3561 filium.)
