2560 3699
1264 795 1330 857 I.

157 997 240 1048 De
279 994 636 1047 auctoritate
676 993 1144 1044 commentorum
1185 991 1243 1042 in
1287 990 1654 1054 Terentium,
1695 1003 1844 1055 quae
1883 992 1990 1043 sub
2030 991 2187 1044 Aelii
2225 993 2441 1063 Donati

893 1093 1133 1145 nomine
1172 1092 1700 1145 circmnferuntur.

1264 1299 1334 1350 A.

315 1424 486 1464 Aelium
518 1423 732 1463 Donatum
774 1422 1092 1474 commentario,
1140 1435 1221 1474 quo
1253 1421 1444 1462 Terentii
1492 1421 1653 1462 fabulas
1686 1422 1933 1474 illustravit,
1972 1421 2162 1463 libellum
2200 1425 2481 1477 praemisisse,

112 1493 232 1546 0111115,
259 1492 405 1532 titulus
437 1491 566 1531 fuerit
599 1490 661 1540 ,de
692 1490 918 1539 comoedia}
960 1491 1037 1531 1100
1078 1490 1352 1544 praefationis
1393 1490 1434 1529 in
1475 1490 1658 1544 Adelph.
1692 1503 1837 1529 comm.
1877 1491 1969 1530 loeo
2011 1490 2234 1531 docemur:
2282 1492 2481 1543 ,Protasis

109 1560 356 1600 turbulenta
388 1564 463 1608 est,
496 1558 668 1612 epitasis
700 1559 894 1607 clamosa,
928 1558 1194 1612 catastrophe
1228 1559 1380 1607 lenior,
1416 1572 1595 1612 quarum
1618 1558 1801 1611 partium
1833 1559 2018 1599 rationes
2040 1559 2283 1612 diligentius
2304 1560 2347 1600 in
2370 1561 2482 1614 prin-

110 1628 217 1682 cipio
249 1627 558 1681 proposuimus,
593 1641 686 1666 cum
720 1626 767 1666 dc
798 1627 1000 1666 comoedia
1031 1627 1239 1680 quaedam
1273 1625 1538 1666 diceremus'.
1583 1625 1665 1675 (Cf.
1702 1625 1858 1666 Donati
1889 1627 1930 1666 in
1965 1632 2201 1667 commenta
2224 1628 2481 1669 Terentiana

108 1695 406 1749 praefationes,
441 1709 494 1735 cx
527 1708 608 1734 rec.
644 1696 694 1734 A.
719 1694 1059 1735 Reiffersvhnddii
1091 1696 1131 1735 in
1164 1695 1300 1735 indice
1334 1695 1576 1734 scholarum
1599 1693 1995 1734 Vratislaviensium
2017 1695 2287 1735 hibernarum
2312 1711 2346 1736 a.
2373 1697 2480 1738 1875

108 1778 147 1818 p.
179 1763 218 1803 7.
251 1762 393 1815 7—9).
457 1762 596 1802 Huius
627 1763 759 1802 libelli
790 1763 882 1802 loco
916 1763 954 1802 in
991 1763 1169 1813 scholiis,
1202 1777 1309 1816 011110
1342 1762 1462 1802 1101115
1502 1763 1650 1802 relicta
1691 1766 1798 1813 sunt,
1839 1767 1933 1816 post
1975 1763 2102 1803 vitam
2144 1763 2259 1804 illam
2291 1764 2481 1806 Terentii

108 1845 161 1871 ex
196 1830 388 1872 Suetonii
421 1830 656 1884 Tranquilli
688 1830 804 1870 libris
838 1830 889 1870 de
923 1830 1036 1871 Viris
1066 1830 1306 1871 Illustribus
1339 1830 1517 1884 petitam
1550 1830 1839 1870 enarrationes
1872 1830 2081 1884 quaedam
2114 1831 2165 1871 de
2196 1833 2418 1885 tragoedia
2440 1839 2481 1875 et

108 1898 326 1939 comoedia
357 1894 580 1952 leguntur,
624 1912 732 1951 quae
765 1913 859 1938 cum
893 1899 944 1939 ob
986 1898 1155 1939 easdem
1195 1912 1260 1939 res
1300 1899 1469 1952 saepius
1516 1902 1715 1938 tractatas
1761 1898 1812 1938 ab
1859 1912 1948 1939 uno.
1990 1903 2164 1939 auctore
2211 1899 2480 1954 abhorreant,

107 1966 231 2014 vulgo
269 1967 311 2006 111
345 1966 448 2007 duas
479 1971 621 2020 partes
654 1967 763 2006 inter
794 1980 838 2006 se
871 1967 1058 2007 diversas
1089 1967 1369 2006 dissecantur:
1414 1971 1639 2006 tractatum
1680 1965 1731 2005 (10
1770 1966 1992 2019 tragoedia
2030 1971 2072 2007 et
2103 1968 2332 2019 comoedia,
2370 1982 2482 2009 com-

106 2038 292 2075 mentum
328 2035 379 2075 de
413 2034 643 2086 comoedia,
678 2048 785 2087 quae
819 2034 1025 2074 dicuntur.
1088 2034 1346 2075 Gravissima
1376 2034 1461 2075 iam
1495 2035 1637 2075 existit
1669 2034 1871 2088 quaestiO,
1904 2035 2104 2088 aquibus
2136 2036 2380 2077 auctoribus
2400 2037 2479 2077 hae

107 2103 483 2142 commentationes
518 2102 733 2154 profectae
766 2102 866 2153 sint,
900 2115 994 2141 nam
1028 2102 1138 2142 idem
1172 2103 1261 2142 fere
1285 2103 1396 2156 quod
1424 2103 1475 2142 de
1499 2103 1561 2142 his
1585 2102 1920 2142 enarrationibus
1945 2103 1996 2143 de
2019 2104 2204 2156 ipsorum
2227 2105 2479 2145 scholiorum

106 2170 352 2210 condicione
386 2174 513 2223 atque
548 2170 798 2210 auctoritate
831 2171 1002 2210 valebit.

312 2237 551 2277 Tractatum
583 2238 630 2277 dc
663 2241 763 2289 {ra-q.
804 2242 840 2279 ct
871 2252 967 2278 conc.
1007 2239 1058 2279 ad
1098 2238 1379 2285 Euanthium,
1421 2239 1743 2292 grammaticum
1781 2239 1895 2279 tertii
1936 2243 2029 2292 post
2070 2238 2283 2280 Christum
2319 2241 2477 2280 saeculi

106 2305 632 2359 Constantinopolitanum,
666 2306 824 2359 primus
857 2306 1224 2347 Lindenbruehius
1256 2307 1431 2357 rettulit,
1467 2307 1584 2346 0111115
1607 2307 1902 2347 auctoritatem
1925 2307 2004 2346 viri
2037 2306 2148 2347 docti
2170 2321 2314 2348 omnes
2344 2309 2477 2348 secuti

104 2378 213 2415 sunt.
273 2372 328 2413 Et
362 2373 465 2413 duas
496 2373 537 2412 in
571 2388 619 2413 00
651 2376 915 2426 grammatici
957 2375 1066 2415 illius
1106 2375 1336 2415 sententias
1375 2375 1461 2428 legi
1494 2375 1637 2415 Rufini
1670 2374 1984 2415 Antiochiensis
2023 2375 2264 2415 testimonio
2302 2380 2475 2425 constat,

103 2442 174 2496 qui
213 2442 254 2482 in
294 2441 500 2495 principio
540 2443 829 2482 commentarii
872 2444 911 2483 in
946 2447 1080 2483 metra
1112 2443 1369 2483 Terentiana
1403 2444 1474 2493 (cf.
1509 2442 1830 2483 G1·an]1n.Latt.
1857 2456 1910 2482 ex
1933 2456 2016 2483 rec.
2041 2442 2096 2483 H.
2120 2442 2248 2483 Keilii
2274 2441 2473 2483 v01.VII.

102 2525 141 2564 p.
174 2509 271 2559 554)
305 2509 384 2548 1100
417 2509 610 2549 exhibet:
660 2509 909 2560 ,Euanthius
942 2511 982 2550 in
1015 2511 1314 2551 commentario
1349 2511 1540 2552 Terentii
1573 2511 1625 2551 de
1659 2510 1804 2550 fabula
1839 2509 1933 2562 [1100
1966 2518 2028 2551 est
2059 2511 2111 2551 de
2143 2510 2377 2563 comoedia]
2417 2511 2474 2551 510

103 2577 221 2618 (11011;
272 2576 489 2626 ,concinna
520 2583 784 2631 argumento,
833 2579 1125 2619 consuetudini
1168 2593 1367 2632 congrua,
1419 2579 1532 2618 utilis
1571 2578 1802 2630 sententiis,
1834 2584 1958 2631 grata
1988 2577 2157 2631 salibus,
2190 2583 2290 2632 apta
2323 2578 2472 2619 metro'

103 2650 145 2685 et
175 2648 323 2699 postea
354 2644 431 2684 sic:
471 2649 649 2690 ,veteres
682 2646 759 2686 etsi
789 2647 867 2700 ipsi
900 2661 1067 2701 quoque
1104 2647 1147 2686 in
1189 2646 1332 2686 metris
1373 2647 1658 2700 negligentius
1680 2645 1730 2687 22¹)
1763 2646 1930 2686 iambici
1977 2658 2121 2685 versus
2167 2645 2387 2687 dumtaxat
2431 2647 2472 2687 in

102 2712 285 2753 secundo
319 2717 361 2752 et
394 2716 542 2765 quarto
575 2713 680 2765 loco,
720 2719 859 2755 tamen
893 2730 917 2755 a
949 2715 1149 2755 Terentio
1189 2715 1415 2754 vincuntur
1455 2715 1710 2755 resolutione
1753 2714 1876 2754 huius
1926 2714 2049 2754 metri
2095 2718 2297 2767 quantum
2335 2719 2474 2767 potest

103 2780 347 2820 comminuti
378 2779 431 2820 ad
463 2780 691 2833 imaginem
722 2796 872 2835 prosae
906 2782 1130 2823 orationis.⁷
1194 2782 1275 2834 (Cf.
1312 2781 1546 2822 Euanthius
1579 2786 1620 2822 et
1652 2782 1810 2822 Donati
1842 2786 2126 2822 commentum
2158 2781 2209 2822 de
2242 2781 2470 2830 comoedia,

101 2861 153 2887 ex
187 2861 268 2887 rec.
301 2847 350 2887 A.
383 2847 725 2889 Reifferscheidii
757 2850 799 2890 in
830 2851 970 2891 indice
1003 2851 1239 2892 scholarum
1270 2849 1666 2890 Vratislaviensium
1698 2864 1733 2890 a.
1770 2849 1889 2889 1874.
1923 2862 1963 2903 p.
1995 2849 2032 2889 Ξ).
2071 2849 2120 2889 17
2152 2848 2260 2903 sqq.)

303 2914 393 2955 Nec
425 2916 525 2956 satis
556 2921 697 2956 tamen
730 2918 833 2958 haec
861 2919 1063 2959 Euanthii
1094 2918 1321 2959 auctoritas
1353 2918 1456 2957 mihi
1487 2917 1656 2957 videtur
1687 2919 1751 2957 his
1782 2918 1884 2958 locis
1917 2917 2202 2970 comprobari3
2235 2917 2338 2957 alias
2361 2917 2471 2957 enim

101 2982 302 3036 quasdam
335 2983 565 3024 sententias
597 2985 639 3024 in
678 2985 755 3026 hoc
794 2990 977 3026 tractatu
1020 2985 1350 3040 deprehendisse
1392 2986 1494 3025 mihi
1534 2985 1694 3035 videor,
1744 2999 1851 3039 quae
1899 2985 1951 3025 ad
1993 2985 2150 3025 Donati
2188 2984 2378 3025 libellum
2407 2984 2470 3039 de

101 3050 318 3090 comoedia
351 3050 607 3092 referendae
639 3056 747 3092 sunt.
808 3054 932 3094 Hanc
964 3054 1231 3095 statuendam
1277 3067 1368 3094 esse
1416 3053 1705 3094 condicionem
1744 3058 1790 3094 ut
1828 3057 2046 3107 appareat,
2096 3052 2297 3093 nonnulla
2336 3057 2376 3092 et
2415 3065 2467 3092 ex

99 3117 434 3171 praefationibus
465 3118 619 3159 Donati
653 3124 694 3159 et
726 3133 779 3160 ex
812 3126 995 3162 tractatu
1028 3122 1079 3163 de
1112 3127 1219 3175 trag.
1253 3126 1294 3162 ct
1326 3135 1431 3162 00111.
1466 3121 1518 3161 11(1
1551 3121 1728 3161 verbum
1760 3121 1915 3161 afferre
1949 3121 2084 3160 liceat.

300 3184 494 3226 Donatus
531 3187 573 3227 in
615 3188 747 3240 praef.
782 3189 915 3229 Andr.
958 3204 1104 3230 comm.
1150 3189 1220 3235 (cf.
1253 3189 1304 3229 R.
1338 3189 1487 3242 praeff.
1529 3204 1567 3242 p.
1600 3189 1640 3239 5‚
1673 3188 1804 3240 3-4)
1853 3189 1932 3229 hoc
1972 3193 2112 3229 notat:
2161 3187 2358 3239 ,Difficile
2405 3192 2467 3227 est

98 3250 343 3292 divisionem
377 3258 547 3294 actuum
578 3255 620 3294 in
652 3254 814 3296 Latinis
848 3257 1001 3297 fabulis
1032 3258 1318 3298 internoscere
1351 3257 1530 3298 obscure
1573 3257 1751 3308 editam,
1791 3270 1961 3297 causam
1993 3257 2076 3297 iam
2108 3255 2265 3296 dudum
2298 3255 2466 3295 demon-

96 3320 332 3361 stravimus’
366 3345 418 3348 ——
451 3321 612 3363 scilicet
643 3323 685 3362 in
719 3323 859 3365 libello
892 3325 962 3365 illo
995 3325 1047 3365 de
1079 3325 1309 3366 comoedia.

300 3433 330 3475 1)
356 3434 526 3476 ,egerunt’
555 3454 590 3458 —
623 3435 715 3477 quod
742 3435 776 3468 in
803 3440 957 3469 tractatu
984 3436 1113 3479 legitur
1144 3457 1178 3459 —
1206 3436 1241 3469 in
1269 3436 1447 3470 codicibus
1474 3436 1594 3470 Rufini
1620 3436 1729 3469 deest.
