2560 3699
1099 287 1374 328 -18-

256 416 324 457 Sic
356 414 546 457 Klotzius
579 413 780 455 scholium
821 413 934 466 apud
966 411 1313 452 westerhovium
1353 412 1478 465 plane
1520 411 1796 452 dilaceratum
1836 425 1889 451 ex
1931 410 2047 452 editt.
2082 416 2181 452 vett.
2216 411 2428 464 exhibuit3

51 486 161 540 quod
192 485 249 525 sic
281 483 437 525 conicio
470 481 776 522 restituendum
799 494 910 520 esse:
946 480 1048 519 Hem
1081 480 1311 519 emam-laum
1342 479 1447 532 tibi]
1496 478 1602 520 Mire
1640 484 1861 534 postquam
1895 480 2179 519 eunuchum
2208 479 2329 530 dixit,
2365 479 2428 520 in-

49 553 143 594 tulit
189 553 275 601 tibi,
331 550 452 602 quia
497 551 637 590 solae
683 553 901 588 utuntur
948 546 1027 588 his
1073 546 1307 600 reginae.
1386 546 1514 594 Quasi
1562 546 1692 588 dicat:
1755 546 2010 588 Eunuchum
2058 547 2162 588 dixti
2204 548 2314 589 velle
2368 553 2424 597 tc,

50 621 288 662 eunuchum
319 618 394 659 tibi
427 618 675 671 repperit.

1010 672 1119 712 Eun.
1143 671 1194 711 V.
1219 672 1255 712 8.
1284 672 1344 711 14.
1370 686 1458 725 sqq.

590 741 701 789 Quid
733 754 1061 782 commemorem
1091 739 1274 791 primum
1306 745 1378 779 aut
1408 739 1579 780 laudem
1610 741 1840 780 maxume?

346 811 539 858 Illumne,
574 808 643 863 qui
676 807 777 849 mihi
809 807 927 849 dedit
959 807 1190 857 consilium,
1221 812 1268 846 ut
1300 808 1499 856 facerem,
1533 822 1584 848 an
1617 822 1697 859 me,
1731 807 1801 861 qui
1832 807 1873 846 id
1907 822 2029 848 ausus
2062 807 2138 848 sim

344 877 549 931 Incipere,
582 892 635 917 an
667 876 878 917 fortunam
910 876 1173 927 conlaudem,
1208 888 1312 927 quae
1346 874 1625 928 gubernatrix
1656 874 1765 915 fuit?

247 957 424 997 Illa-nme
458 960 532 1010 qui
560 957 664 996 mila·
694 956 806 996 <ledit
839 955 1086 1007 consiliam]
1149 954 1453 995 Atti-ibuuntur
1485 953 1674 1007 personis
1708 953 1893 1006 consilia,
1939 955 2064 1005 facta,
2109 969 2227 996 casus
2260 960 2302 996 et
2333 969 2427 997 ora-

46 1024 191 1067 tiones.
253 1024 368 1078 Ergo
408 1024 474 1064 hic
511 1024 709 1064 laudatur
753 1021 974 1064 consilium
1013 1022 1303 1074 Parmenonis,
1350 1022 1509 1062 factum
1551 1022 1785 1073 Chaereae,
1832 1036 1952 1061 casus
1990 1023 2221 1075 Fortunae,
2269 1023 2310 1064 id
2350 1028 2426 1074 est,

44 1098 242 1135 eventus:
275 1092 407 1134 oratio
439 1092 562 1133 senis.

247 1161 489 1202 Delendum
521 1165 602 1201 est:
636 1165 677 1200 et
709 1159 992 1200 orationes.
1029 1158 1112 1210 (Cf.
1137 1158 1378 1212 proximum
1402 1157 1624 1198 scholium:
1660 1156 1760 1198 Tria
1781 1161 1878 1197 sunt
1899 1156 1940 1197 in
1964 1157 2050 1198 vita
2071 1157 2306 1201 hominum:
2329 1175 2427 1202 con-

42 1228 147 1281 silia,
179 1230 306 1281 facta,
339 1242 555 1269 successus
588 1226 700 1279 etc).

1039 1305 1222 1359 Adelph.
1247 1305 1302 1346 H.
1326 1306 1363 1345 3
1390 1306 1427 1345 7.

545 1375 581 1416 O
615 1375 735 1429 Syre,
768 1373 1005 1415 Aeschinus
1035 1372 1108 1414 ubi
1141 1375 1230 1414 est‘?
1267 1374 1283 1427 ΙΙ
1321 1373 1463 1414 Ellum
1495 1380 1536 1414 te
1570 1379 1770 1428 expectat
1801 1373 1925 1414 domi.

243 1455 413 1508 Ellzwn}
476 1455 587 1495 Ecce
619 1454 761 1494 illum:
796 1455 863 1494 vel
894 1467 1127 1508 pronomen
1161 1459 1235 1504 est,
1270 1454 1337 1494 vel
1370 1453 1621 1494 adverbium
1660 1452 1999 1494 demonstrantis.
2062 1451 2149 1492 Alii
2188 1452 2424 1509 interroga-

39 1525 123 1566 tive
156 1525 320 1579 legunt:
353 1529 398 1564 ut
429 1522 481 1563 sit
512 1524 634 1563 ellwn
667 1522 804 1563 diets-:27
834 1528 874 1564 te
908 1526 1108 1575 expectat
1141 1522 1265 1573 domi,
1298 1526 1343 1561 ut
1374 1521 1426 1561 sit
1464 1523 1585 1561 ellum
1624 1536 1870 1576 pronomen,
1913 1521 1955 1561 id
1988 1526 2051 1562 est
2081 1521 2211 1573 illum,
2251 1536 2350 1563 nam
2381 1528 2424 1564 01

41 1594 157 1634 illum
190 1600 231 1634 et
263 1593 384 1632 ellum
416 1598 458 1633 et
490 1592 615 1632 ollam
648 1599 814 1632 veteres
847 1590 1059 1630 dixerunt.

240 1661 387 1702 Verba
420 1661 521 1709 ,vel
552 1673 840 1714 pronomen
874 1665 969 1709 est,
1012 1658 1093 1699 vel
1134 1658 1441 1698 adverbium
1482 1657 1934 1709 demonstrantis’,
1968 1657 2119 1712 quibus
2153 1672 2290 1699 nexus
2329 1673 2424 1700 sen-

38 1729 267 1770 tentiarum
298 1729 585 1783 perturbatur,
618 1727 874 1780 interpolata
905 1731 1001 1767 sunt
1023 1741 1077 1767 ex
1110 1727 1237 1767 schol.
1273 1726 1325 1766 ad
1347 1726 1482 1766 Andr.
1508 1726 1564 1766 ΙΙ.
1589 1726 1626 1766 2.
1654 1727 1725 1766 14:
1762 1726 1921 1779 Ellam]
1956 1725 2075 1781 quasi
2107 1741 2160 1767 en
2189 1725 2328 1767 illum:
2361 1732 2425 1768 est

37 1796 155 1838 enim
186 1802 233 1837 ut
262 1796 332 1837 alii
363 1798 523 1846 volunt.
555 1810 804 1850 pronomen,
837 1800 883 1835 ut
915 1794 998 1847 alii,
1031 1794 1283 1835 adverbium
1315 1793 1652 1835 demonstrantis.

239 1865 431 1906 Rectus
469 1865 855 1906 sententiarum
894 1864 1019 1903 ordo
1061 1868 1292 1903 mutatus
1332 1862 1545 1903 videtur
1585 1876 1697 1902 esse
1740 1863 1818 1903 his
1859 1862 2013 1903 locis:

982 1942 1089 1983 Eun.
1122 1942 1178 1983 ΙΙ,
1213 1944 1251 1982 3.
1293 1942 1351 1982 19.
1386 1956 1473 1996 sqq.

1040 2011 1127 2051 Fac
1160 2012 1214 2051 sis
1246 2025 1357 2051 nunc
1391 2011 1597 2064 promissa
1628 2014 1875 2063 appareant,

532 2080 630 2121 Sive
664 2080 771 2121 adeo
805 2080 933 2133 digna
965 2094 1031 2120 res
1064 2085 1139 2131 est,
1172 2079 1245 2119 ubi
1277 2084 1321 2119 tu
1353 2092 1508 2119 nervos
1539 2078 1734 2118 intendas
1765 2082 1872 2118 tuos.

243 2160 323 2201 Ubi
353 2169 394 2200 tu
428 2176 572 2200 ¹new-003
604 2161 795 2200 ‘intendas
828 2159 950 2212 tuos]
1011 2159 1166 2200 Utrum
1208 2159 1415 2200 obscoene
1458 2159 1557 2205 hoc,
1600 2162 1646 2197 ut
1678 2158 1854 2198 servus?
1906 2172 1960 2197 an
1993 2158 2297 2213 μεταφορικῶςὲ
2347 2159 2420 2199 ubi

33 2229 228 2270 laborare
260 2244 308 2270 ac
341 2229 569 2284 periclitari
601 2228 768 2269 debeas.
832 2228 917 2269 Sed
948 2228 1097 2268 melius
1130 2228 1292 2281 legunt,
1325 2228 1395 2281 qui
1428 2227 1506 2266 hoc
1538 2231 1673 2266 totum
1705 2225 1757 2266 ad
1790 2238 2014 2279 personam
2046 2226 2262 2279 applicant
2285 2226 2422 2268 Chae-

33 2311 154 2337 reae:
202 2302 244 2338 et
274 2298 445 2349 melius,
478 2311 604 2350 quan]
636 2297 706 2350 qui
738 2297 1049 2337 Parmenonem
1082 2296 1160 2336 hoc
1191 2300 1342 2348 putant
1373 2295 1507 2349 loqui:
1555 2297 1639 2334 sive
1676 2295 1779 2333 adeo
1813 2295 1939 2347 <layna
1971 2308 2036 2333 res
2069 2302 2138 2341 est,
2173 2294 2246 2334 ubi
2272 2310 2420 2336 nervos

35 2366 223 2405 intendas
257 2375 358 2406 tuos:

236 2434 382 2475 Verba
414 2439 487 2483 ,et
518 2434 708 2474 melius
740 2447 888 2487 quam
921 2432 1010 2486 qui
1040 2430 1422 2472 Parmenonem
1461 2432 1557 2472 hoc
1590 2435 1780 2485 putant
1810 2430 1963 2484 loqui
1995 2429 2089 2470 etc.'
2121 2435 2219 2484 apte
2250 2435 2420 2472 antece-

34 2500 150 2541 denti
171 2503 404 2543 sententiae
427 2502 691 2543 tribuuntur:
727 2500 822 2540 Sive
844 2502 947 2540 adeo
981 2502 1109 2553 (liqna
1133 2515 1196 2539 res
1220 2500 1307 2553 est]
1359 2499 1401 2539 Si
1425 2514 1608 2554 persona
1629 2499 1907 2539 Parmenonis
1930 2503 2006 2550 est,
2030 2501 2113 2537 sive
2135 2498 2343 2539 abundat:
2377 2505 2422 2540 et

35 2582 110 2621 pro
134 2570 350 2623 expletiva
381 2570 676 2610 coniunctione
708 2568 832 2609 modo
855 2573 943 2634 est..
962 2569 1005 2608 in
1030 2568 1282 2622 quibusdam
1315 2569 1485 2608 omnino
1508 2582 1592 2608 non
1613 2568 1781 2620 legitur.
1831 2568 1950 2606 Adeo
1973 2572 2115 2606 autem
2138 2566 2326 2608 abundat
2346 2571 2422 2608 aut

33 2636 155 2676 nimis
187 2637 392 2690 significat
423 2638 491 2678 vel
523 2638 633 2678 satis.
687 2636 731 2677 Si
754 2636 947 2677 Chaerea
979 2636 1099 2685 dicit,
1140 2637 1206 2676 hic
1238 2636 1340 2677 ordo
1373 2641 1414 2677 et
1446 2650 1591 2676 sensus
1624 2640 1706 2676 est:
1769 2634 1855 2674 Fac
1887 2635 1920 2674 si
1942 2634 2003 2674 vis
2025 2648 2158 2686 nunc,
2199 2635 2287 2675 sive
2310 2634 2419 2676 adeo

37 2701 164 2755 digna
195 2718 261 2745 res
293 2710 367 2755 est,
399 2705 472 2745 ubi
503 2710 549 2745 tu
580 2719 732 2745 nervos
764 2705 958 2745 intendas
989 2710 1095 2745 tuos.
1129 2713 1175 2744 111
1206 2706 1411 2758 promissa
1442 2708 1690 2758 appareant.
1722 2708 1769 2742 ut
1800 2703 1852 2742 sit
1883 2704 1938 2741 sis
1970 2703 2002 2741 si
2034 2702 2115 2742 vis:
2164 2706 2206 2742 et
2236 2702 2420 2743 addatur

38 2774 79 2810 at
110 2771 220 2824 quod
253 2771 389 2812 deest:
436 2772 523 2813 Fac
554 2778 600 2812 ut
630 2774 836 2825 promissa
867 2778 1112 2826 appareant.

964 2852 1074 2892 Eun.
1107 2851 1186 2891 III.
1220 2853 1257 2892 2.
1291 2851 1357 2892 23.
1393 2865 1481 2905 sqq.

1194 2920 1280 2960 Fac
1312 2920 1550 2972 periculum
1582 2920 1622 2958 in
1654 2918 1799 2967 literis,

715 2987 801 3027 Fac
832 2988 876 3027 in
906 2988 1133 3040 palaestra,
1166 2988 1207 3027 in
1239 2988 1427 3027 musicis:
1476 3000 1584 3040 quae
1621 2986 1801 3026 liberum

716 3054 834 3095 Scire
866 3069 1046 3108 aequam
1081 3060 1142 3095 est
1174 3056 1486 3096 adolescentem
1519 3055 1734 3095 sollertem
1767 3053 1888 3093 dabo.

242 3129 471 3182 Solet-tem]
520 3130 649 3171 Deest
681 3132 754 3171 lats.
803 3134 941 3172 soleo-s
974 3135 1092 3187 quasi
1124 3139 1234 3174 totus
1267 3149 1321 3175 ex
1353 3140 1444 3175 arte
1477 3135 1720 3183 consistens,
1754 3138 1799 3173 ut
1831 3132 1922 3178 ’ὅλος
1945 3133 2079 3187 ἀρετῇ,
2111 3131 2224 3185 quod
2251 3131 2417 3172 Latinis

38 3195 176 3234 verbis
225 3196 341 3248 quasi
386 3198 495 3236 solus-
539 3200 578 3236 z'n
619 3207 707 3238 arce
745 3200 807 3239 sit.
870 3200 982 3240 Huic
1020 3204 1132 3240 iners
1171 3203 1440 3243 contrarium.
1502 3202 1611 3242 Nam
1653 3202 1782 3241 solers
1823 3201 1940 3254 quasi
1981 3200 2071 3246 ὅλος
2103 3201 2224 3256 ἀρετῇ
2263 3198 2412 3240 dictus.

39 3257 170 3299 ’Ὁλον
201 3263 346 3314 solum,
379 3267 424 3302 ut
456 3258 497 3308 ἐξ
528 3278 602 3304 sex
635 3270 676 3305 et
708 3261 747 3312 ὃς
779 3281 847 3306 5115
879 3267 1064 3307 dicimus.

240 3328 385 3369 Verba
418 3329 563 3379 ,Nam
594 3334 764 3373 solers
796 3335 942 3386 quasi
986 3334 1099 3381 ὅλος
1132 3336 1285 3390 ἀρετῇ
1324 3337 1416 3378 etc.³
1457 3338 1548 3379 1000
1588 3352 1661 3378 5110
1703 3337 1899 3378 videntur
1939 3341 2053 3377 mota
2094 3341 2135 3376 et
2165 3336 2262 3376 huic
2293 3339 2412 3375 ante-

43 3393 207 3434 cedenti
229 3396 383 3435 scholio
405 3396 674 3450 adiungenda
697 3415 807 3440 055οε
856 3400 1083 3454 solertem]
1132 3402 1178 3442 Id
1211 3410 1273 3444 est
1296 3405 1510 3445 disertum.
1557 3405 1711 3445 Utrum
1740 3406 1839 3444 lma«.-
1861 3404 2088 3445 solertem?
2125 3403 2184 3443 Ut
2206 3403 2414 3443 Horatius

85 3491 93 3498 .
128 3492 135 3499 .
169 3492 176 3500 .
214 3461 281 3500 An
312 3464 607 3504 assumendum
640 3472 700 3506 est
732 3468 792 3506 las
825 3468 1117 3509 extrinsecus?
