2560 3699
596 402 652 442 ΙΙ.
715 402 781 442 De
812 402 933 442 bonis
963 399 1257 441 meretricibus
1288 412 1313 439 a
1345 398 1547 438 Terentio
1580 398 1714 450 primo
1747 399 1949 440 inductis:

88 500 248 540 Auctor
277 468 479 537 tractatus
512 493 563 533 de
595 498 701 544 trag.
743 496 785 532 et
808 504 926 549 com.
970 491 1035 540 (cf.
1069 490 1119 530 R.
1153 489 1177 528 1.
1210 489 1235 529 1.
1735 489 1927 530 Donatus
1960 490 2037 531 3103

446 575 486 615 p.
518 561 557 614 6,
592 559 773 609 13—17)
805 558 881 598 sic:
1273 617 1275 619 ,
1425 567 1487 617 ,In
1519 570 1607 608 tota
1639 568 1857 609 comoedia
1878 570 1955 609 hoc
1978 569 2131 622 agitur,
2165 574 2210 609 ut
2238 583 2304 610 res
2324 583 2459 611 novae

199 642 323 695 ,Quin
355 641 483 682 etiam
519 639 631 680 solus
662 652 787 678 ausus
819 641 894 686 est,
926 650 1021 676 cum
1059 637 1101 676 in
1131 635 1238 675 fictis
1309 635 1424 687 fiant,
1471 650 1549 676 nec
1598 640 1741 676 tamen
1787 636 2043 677 abhorreant
2082 651 2107 677 a
2140 637 2456 678 consuetudine.

87 710 345 765 argumentis
375 708 502 749 fidem
541 706 729 747 veritatis
767 708 1078 758 assequeretur,
1111 704 1237 744 etiam
1311 703 1575 744 Inducuntur
1607 704 1719 744 enim
1751 704 1984 745 benevolae
2024 719 2180 755 socrus,
2219 706 2460 747 verecunda

86 782 230 819 contra
263 776 526 831 praescripta
557 774 728 823 comica,
768 772 995 812 meretrices
1026 771 1237 811 interdum
1310 786 1440 811 nurus
1474 804 1482 812 .
1515 804 1522 811 .
1556 803 1563 810 .
1600 805 1606 811 .
1642 803 1648 810 .
1687 805 1693 812 .
1726 772 1919 812 meretrix
1941 772 2069 812 hona&
2103 773 2172 825 (cf.
2198 772 2329 827 praef.
2352 773 2458 814 Hec.

83 859 163 886 ozon
179 845 313 885 malas
329 843 618 884 introducere:
642 841 793 895 quibus
815 845 969 892 tamen,
988 853 1082 879 cum
1101 839 1237 879 bonae
1310 839 1360 879 R.
1394 853 1433 892 p.
1471 839 1536 891 12,
1568 840 1622 879 24
1654 840 1758 893 sqq.)

84 914 178 965 sint,
210 916 252 953 et
282 912 476 964 voluptas
508 924 584 964 per
615 910 751 963 ipsum
774 912 816 948 et
847 921 972 948 causa
1000 921 1082 947 non
1109 905 1235 947 defit?
1424 907 1533 947 Rem
1575 907 1812 947 accuratius
1850 907 1962 948 idem
2001 912 2147 949 auctor
2185 908 2352 950 videtur
2388 923 2461 950 ex-

1309 975 1498 1028 posuisse
1533 976 1609 1015 hoc
1642 975 1798 1015 scholio
1831 975 1883 1015 ad
1916 975 2022 1016 Hec.
2055 975 2088 1016 Ι.
2125 978 2159 1015 1.
2195 978 2238 1016 1:

1424 1043 1879 1085 ,Animadvertendum
1912 1048 1974 1083 est
2015 1044 2057 1083 in
2087 1045 2166 1084 hac
2206 1044 2350 1085 fabula
2381 1045 2462 1086 Te-

1308 1111 1491 1150 rentium
1519 1109 1684 1162 {bonam
1715 1111 1982 1151 meretricem
2012 1111 2297 1163 inducturum,
2336 1126 2387 1153 ne
2419 1112 2475 1165 id,

1271 1196 1272 1205 ¹
1309 1182 1454 1218 contra
1500 1193 1660 1219 morem
1708 1179 1903 1219 videatur
1948 1180 2111 1231 facere,
2164 1180 2292 1220 etiam
2336 1180 2461 1221 aliam

1270 1264 1271 1271 ¹
1310 1247 1577 1287 meretricem
1610 1261 1691 1287 non
1724 1247 1877 1287 malam
1910 1247 2131 1288 inducere:
2168 1252 2214 1288 ut
2245 1248 2287 1289 id
2319 1263 2462 1290 exem-

1270 1330 1271 1368 3
1309 1314 1389 1367 plis
1432 1314 1504 1353 fiat
1535 1314 1686 1362 tritius,
1722 1319 1762 1355 et
1794 1329 1872 1355 usu
1903 1315 2158 1357 verisimile’.
2200 1316 2269 1366 (cf.
2302 1317 2461 1357 ibidem

1270 1421 1271 1428 ,
1308 1381 1360 1421 V.
1398 1383 1431 1421 1.
1469 1383 1503 1433 1,
1536 1388 1762 1436 praeterea
1794 1384 1921 1424 schol.
1957 1383 2009 1424 ad
2041 1383 2149 1424 Eun.
2197 1383 2229 1423 I.
2254 1384 2291 1424 2.
2319 1385 2460 1435 118)*)

732 1493 811 1534 HI.
874 1494 939 1534 De
972 1495 1234 1547 argumentis
1267 1495 1524 1547 singularum
1560 1495 1819 1536 fabularum:

132 1588 293 1628 Auctor
324 1590 528 1626 tractatus
561 1585 611 1625 de
645 1589 750 1638 trag.
786 1588 827 1623 ct
859 1597 963 1624 com.
998 1585 1069 1632 (cf.
1103 1584 1126 1624 1.
1161 1585 1188 1624 l.
1738 1586 1930 1627 Donatus
1962 1587 2039 1626 sic:

468 1668 507 1706 1)-
540 1653 579 1704 5,
611 1654 685 1692 4⁴*
699 1652 740 1704 7)
772 1653 848 1693 51οῑ
1426 1664 1752 1717 ,Argumentum
1776 1680 1943 1719 quoque
1975 1680 2058 1706 non
2080 1667 2280 1721 simplicis
2302 1669 2462 1721 negotii

197 1733 324 1786 ,Illud
365 1734 491 1773 etiam
529 1733 639 1772 inter
678 1738 819 1772 cetera
866 1733 954 1772 eius
1001 1732 1126 1772 laude
1178 1732 1236 1772 di·
1308 1732 1437 1772 habet
1476 1733 1599 1772 unius
1638 1733 1939 1785 adolescentis,
1988 1739 2033 1774 ut
2070 1735 2112 1774 in
2151 1735 2345 1789 Hecyra,
2388 1735 2461 1777 sed

85 1815 216 1855 gnum
238 1801 419 1849 videtur,
457 1800 567 1855 quod
600 1801 877 1853 locupletiora
909 1803 1161 1853 argumenta
1182 1814 1236 1840 ex
1270 1848 1272 1855 ,
1309 1800 1488 1840 duorum
1520 1809 1563 1840 ut
1586 1802 1626 1840 in
1651 1802 1802 1841 ceteris
1828 1801 2008 1842 fabulis'.
2040 1802 2109 1853 (cf.
2133 1804 2267 1858 praef.
2290 1804 2459 1844 Phorm.

85 1870 323 1924 duplicibus
373 1869 554 1921 negotiis
601 1868 809 1922 delegerit
856 1868 907 1909 ad
955 1868 1233 1908 scribendum.
1270 1870 1272 1916 ξ
1307 1868 1357 1908 R.
1391 1883 1430 1922 p.
1468 1869 1531 1918 14,
1565 1869 1747 1911 &zo—23³

83 1937 192 1978 Nam
224 1942 406 1991 excepta
437 1937 624 1990 Hecyra,
665 1937 706 1976 in
745 1949 829 1988 qua
870 1937 991 1976 unius
1023 1937 1235 1990 Pamphili
1270 1936 1272 1979 1

84 2019 200 2046 amor
233 2010 307 2056 est,
342 2010 510 2045 ceterae
534 2005 718 2058 quinque
747 2005 866 2044 binos
899 2003 1235 2045 adolescentulos
1270 1989 1272 2057 1

1270 2084 1273 2124 1

82 2073 266 2113 habent’

1272 1621 1273 1638 1

1272 1681 1273 1696 i

1271 1700 1273 1720 1

1270 1763 1272 1794 i

288 2173 362 2214 His
395 2188 562 2228 quoque
596 2174 696 2213 locis
729 2173 878 2214 eodem
911 2174 1034 2214 modo
1066 2174 1235 2215 videtur
1275 2174 1514 2214 confirmari
1554 2179 1770 2215 auctorem
1810 2179 2013 2216 tractatus
2053 2176 2104 2217 de
2143 2184 2248 2230 trag.
2282 2181 2324 2218 et
2354 2191 2459 2219 com.

83 2244 241 2285 Donati
272 2244 400 2284 libros
446 2243 681 2296 inspexisse
724 2242 919 2296 illiusque
968 2243 1252 2283 enarrationes
1300 2248 1493 2283 secutum
1541 2257 1659 2283 suam
1706 2244 2103 2284 commentationem
2149 2245 2457 2299 conscripsisse.

286 2311 532 2351 Tractatum
574 2310 625 2350 de
665 2315 770 2363 trag.
814 2317 855 2351 et
895 2325 999 2352 com.
1039 2325 1130 2351 cum
1174 2312 1296 2365 plura
1334 2312 1375 2351 in
1417 2326 1464 2352 co
1504 2312 1723 2364 legantur,
1770 2325 1878 2365 quae
1917 2312 1969 2352 ad
2001 2312 2216 2353 Donatum
2253 2318 2458 2367 spectant,

82 2378 296 2419 Euanthio
329 2378 657 2419 abiudicandum
690 2393 780 2419 esse
814 2379 896 2419 iam
928 2379 1029 2419 mihi
1060 2379 1207 2419 videor
1239 2380 1548 2433 comprobasse.
1593 2379 1835 2420 Verisimile
1859 2393 1961 2433 ergo
1990 2380 2035 2420 fit
2056 2381 2305 2435 magistrum
2328 2396 2459 2436 quen-

82 2446 178 2487 dam
217 2447 352 2500 quinti
393 2446 483 2487 fere
524 2446 681 2486 saeculi
722 2447 959 2487 eruditione
999 2448 1180 2501 quadam
1218 2448 1458 2501 praeditum
1490 2452 1715 2499 tractatum
1748 2448 2051 2501 con1posuisse3
2100 2463 2182 2502 qua
2213 2449 2255 2489 in
2287 2463 2331 2490 re
2364 2464 2458 2490 cum

82 2515 261 2555 aliorum
291 2539 344 2544 ——
377 2519 491 2555 certe
524 2513 728 2554 Euanthii
765 2539 807 2543 —
845 2516 1167 2556 commentarios
1214 2517 1255 2556 in
1297 2516 1487 2557 Terentii
1518 2515 1682 2556 fabulas
1714 2522 1802 2556 tum
1834 2516 2030 2557 Donati
2075 2517 2204 2558 libros
2248 2517 2290 2557 in
2331 2532 2457 2558 manu

82 2583 229 2623 habuit
270 2587 396 2637 atque
437 2583 690 2636 compilavit.
752 2582 1077 2624 Recentioribus
1114 2584 1194 2624 illis
1226 2585 1308 2624 iam
1353 2584 1615 2638 temporibus
1655 2597 1751 2624 cum
1793 2585 1983 2625 floruisse
2025 2585 2323 2639 comprobatur
2363 2600 2458 2626 cum

80 2651 198 2691 tenui
230 2651 417 2705 exilique
450 2651 616 2691 dicendi
648 2664 820 2704 genere,
855 2663 936 2705 quo
968 2656 1171 2693 tractatus
1203 2653 1466 2707 conscriptus
1499 2657 1572 2695 est.
1607 2656 1696 2692 tum
1728 2652 1921 2693 absurdis
1953 2653 2201 2707 quibusdam
2223 2655 2455 2703 sententiis,

83 2732 190 2771 quae
222 2733 247 2759 a
278 2719 561 2773 grammaticis
594 2719 732 2772 quarti
763 2724 858 2773 post
880 2720 1089 2760 Christum
1122 2721 1279 2761 saeculi
1311 2721 1476 2762 alienae
1508 2725 1616 2761 sunt.
1666 2720 1733 2760 Sic
1757 2719 1948 2771 ,iliadem
1971 2720 2023 2761 ad
2046 2721 2176 2761 instar
2196 2721 2455 2775 tragoediae,

83 2784 305 2840 Odyssiam
345 2786 398 2827 ad
436 2787 665 2840 imaginem
703 2787 959 2827 comoediae'
1000 2788 1233 2829 Homerum
1266 2788 1415 2829 fecisse
1453 2788 1723 2829 contenditur
1756 2787 1826 2840 (ef.
1861 2788 1912 2828 R.
1946 2788 2130 2829 Euanth.
2164 2802 2201 2842 p.
2235 2789 2274 2840 4,
2305 2789 2454 2840 5—6);

81 2854 300 2895 comoedia
332 2868 439 2908 quae
471 2854 610 2895 media
642 2855 813 2907 dicitur,
855 2855 1001 2896 drama
1031 2857 1242 2910 satyricon
1275 2855 1555 2908 Graecorum,
1593 2856 1720 2896 satira
1751 2855 2039 2896 Romanorum
2070 2871 2240 2910 prorsus
2272 2858 2381 2897 inter
2411 2871 2455 2898 se

82 2921 399 2962 confunduntur
431 2922 498 2971 (cf.
523 2923 547 2962 l.
572 2923 596 2962 1.
630 2937 667 2976 p.
695 2922 735 2974 5,
766 2922 934 2973 5—15).
989 2923 1234 2965 Tractatum
1265 2939 1348 2965 non
1382 2924 1448 2976 ,de
1480 2923 1701 2977 tragoedia
1734 2926 1776 2963 et
1799 2922 2028 2964 comoedia'
2061 2922 2306 2978 inscriptum
2328 2926 2456 2967 fuisse

82 2988 346 3043 intellegitur
376 2990 440 3029 his
471 2990 652 3030 auctoris
684 2990 826 3031 verbis
859 2992 929 3042 (cf.
962 2992 988 3032 l.
1019 2993 1045 3032 l.
1078 3007 1117 3047 p.
1150 2994 1188 3040 4,
1222 2993 1401 3045 9—12):

283 3057 355 3109 ,At
400 3071 500 3098 vero
547 3072 597 3098 ea
643 3071 752 3111 quae
798 3059 968 3112 proprie
1016 3059 1068 3101 de
1114 3061 1335 3114 tragoedia
1386 3061 1564 3101 dicenda
1610 3063 1705 3099 sunt
1754 3059 1875 3099 titulo
1917 3060 2122 3113 propositi
2162 3074 2274 3101 nunc
2315 3062 2454 3114 operis

81 3125 283 3165 instantes
324 3125 366 3165 in
404 3126 486 3166 alia
526 3130 718 3179 tempora
757 3126 1002 3168 differamus
1041 3133 1083 3169 et
1114 3129 1166 3169 de
1198 3130 1261 3170 his
1294 3130 1447 3170 fabulis
1485 3129 1568 3168 iam
1599 3128 1833 3181 loquamur,
1878 3140 1981 3180 quas
2013 3127 2238 3168 Terentius
2269 3129 2454 3169 imitatus

83 3196 165 3232 est:
198 3196 421 3246 postquam
452 3193 804 3235 demonstrandae
843 3195 1015 3248 originis
1047 3211 1172 3238 causa
1209 3198 1261 3238 de
1293 3199 1511 3252 utriusque
1543 3196 1713 3249 generis
1745 3195 1862 3235 initio
1895 3194 2098 3246 diximus,
2137 3195 2249 3249 quod
2280 3210 2451 3237 necesse

83 3264 145 3300 est
174 3260 257 3300 iam
289 3260 502 3304 dicamus⁷

284 3406 320 3448 *)
347 3405 488 3440 Scholia
512 3411 786 3440 commentorum
813 3417 856 3440 cx
883 3404 1120 3439 Westerhovii
1146 3405 1299 3440 editione
1325 3405 1404 3438 Ter.
1434 3411 1468 3439 et
1490 3408 1577 3440 Don.
1606 3407 1691 3449 Hag.
1721 3407 1808 3441 1726
1834 3407 2068 3442 exhibuimus.

2185 3464 2226 3498 1⁶3:
