2560 3699
1093 261 1262 301 —20
1327 284 1370 289 -

1000 383 1108 424 Eun.
1142 384 1175 423 I.
1208 384 1248 424 2.
1282 383 1346 424 85.
1380 398 1467 437 sqq.

650 453 800 493 Nonne
833 450 905 491 ubi
936 450 1037 491 mihi
1070 450 1176 491 dixti
1208 465 1364 505 cupere
1397 456 1438 491 te
1471 465 1525 491 ex
1559 449 1786 505 Aethiopia

647 518 918 570 Ancillulam,
951 517 1106 559 relictis
1139 519 1265 560 rebus
1298 518 1490 559 omnibus

647 584 876 633 Quaesivi?

250 657 401 697 Nonne
445 655 519 695 ubi
554 654 655 693 milae?
692 655 799 693 (lzzctz‘
833 667 981 707 cupere
1019 653 1083 707 ten]
1145 655 1247 695 Plus
1292 654 1419 704 dixit,
1467 655 1541 694 ula:
1578 656 1685 694 deleti
1722 668 1870 707 cupere
1912 662 1969 694 te.-
2019 669 2145 709 quarn
2185 654 2219 696 si
2257 655 2431 698 diceret,

51 725 185 768 fecisti
217 729 262 765 ut
294 737 491 765 emerem.
543 722 645 762 Plus
678 725 740 762 est
772 721 885 762 enim
915 720 957 761 id
988 721 1262 775 praestitisse,
1292 722 1403 775 quod
1436 722 1506 776 qui
1538 721 1763 776 acceperit,
1797 736 1880 762 non
1902 736 2027 763 ausus
2050 722 2179 764 fuerit
2201 725 2429 777 postulare.

249 791 501 845 Legendum
533 796 611 830 est:
646 789 747 829 Plus
779 788 904 830 dixit:
938 789 1009 830 ubi
1041 789 1151 831 dixti
1183 804 1338 843 cupere
1371 795 1412 830 te
1444 805 1571 844 quam
1594 789 1626 830 si
1650 789 1828 831 diceret:
1862 791 2047 843 petisti
2071 795 2116 831 ut
2141 805 2330 833 emerem
2351 797 2429 834 etc.

53 861 136 910 (Of.
170 860 297 901 schol.
330 859 394 899 ad.
430 874 462 897 v.
487 858 562 898 87:
600 857 828 910 Quaesivi]
884 857 1015 910 Vide,
1049 858 1408 911 quemadmodum
1440 858 1641 898 exhibeat
1672 863 1799 912 atquc
1833 872 2057 899 aerumnas
2088 858 2166 900 sibi
2199 859 2433 901 difficilium

46 941 269 968 munerum
301 925 412 967 dicat
442 925 690 979 imposuisse
722 925 988 966 meretricem
1021 959 1029 965 .
1065 959 1072 966 .
1105 959 1113 966 .
1151 958 1157 965 .
1195 928 1404 975 Quaesivi,
1439 940 1522 966 11011
1554 925 1666 965 0111111
1697 924 1739 965 111
1770 930 1969 979 promptu
2002 932 2112 979 erat3
2162 927 2317 969 deinde
2349 942 2433 969 non

44 997 195 1049 petisti,
229 994 302 1035 sed
336 995 479 1034 <lixis-ti
511 994 610 1046 etc.)

1042 1050 1138 1090 Eun
1184 1048 1256 1090 III.
1290 1050 1328 1090 5.
1362 1050 1428 1090 29.

362 1117 514 1169 Edicit,
546 1132 599 1158 ne
632 1117 694 1159 vir
726 1116 948 1172 quisquam
980 1118 1033 1158 ad
1066 1132 1159 1159 cam
1191 1117 1316 1158 adeat
1348 1122 1389 1158 01
1422 1117 1521 1158 1111111
1553 1132 1605 1158 110
1638 1118 1878 1170 abscedam,
1912 1117 2107 1174 imperat.

250 1199 307 1238 Et
337 1199 439 1238 om'lii
468 1213 518 1239 ne
549 1198 783 1245 abscedant,
816 1197 1023 1250 imperat]
1087 1197 1214 1238 Certe
1247 1197 1387 1237 nullus
1419 1195 1482 1237 vii·
1513 1196 1691 1238 accedit.

246 1267 386 1320 Lege:
439 1266 578 1318 Certe,
610 1280 674 1307 ne
707 1266 850 1306 ullus
882 1266 964 1305 vii·
995 1265 1225 1306 accedat.

1045 1356 1156 1396 Eun.
1190 1355 1265 1396 IV.
1298 1357 1336 1395 3.
1374 1357 1437 1395 ll.

618 1424 873 1465 Eunuchum
907 1438 1033 1477 (100111
1066 1422 1218 1464 dedisti
1250 1423 1369 1464 nobis
1403 1438 1507 1477 quas
1540 1424 1685 1464 turbas
1717 1423 1851 1464 dedit!

250 1505 503 1546 Eaemuclzwn
543 1520 661 1559 quem
701 1503 881 1555 aalma]
945 1502 1127 1551 Quidam
1168 1503 1313 1543 volunt
1353 1519 1473 1556 quem
1505 1502 1797 1556 (lestinguere,
1831 1503 1949 1557 quasi
1982 1504 2093 1545 dicat
2131 1507 2313 1558 qualem:
2360 1505 2435 1547 sed

45 1572 239 1615 nesciunt
269 1574 348 1614 hac
378 1574 514 1627 figura
545 1573 723 1614 multum
756 1576 922 1611 veteres
954 1586 1050 1611 usos
1082 1586 1185 1612 esse.
1237 1571 1492 1611 Euam-lewa
1525 1569 1636 1611 enim
1659 1570 1711 1610 ad
1735 1572 1888 1611 dedisti
1907 1572 2084 1613 verbum
2106 1572 2264 1615 retulit.
2310 1574 2435 1616 Nunc

49 1655 150 1695 ergo
182 1639 300 1682 addit
330 1645 505 1695 propter
536 1640 651 1682 aliud
674 1635 829 1694 ἀξίωμα
852 1639 1150 1680 05511111011(10111
1173 1640 1458 1681 extrinsecus:
1491 1642 1525 1679 ‘is
1561 1639 1782 1679 eunuchus.
1831 1637 1937 1680 Nam
1972 1640 2136 1694 quoties
2159 1656 2243 1682 uno
2265 1641 2434 1683 nomine

46 1714 119 1750 aut
157 1709 405 1762 pronomine
445 1709 637 1750 diversae
678 1707 969 1749 declinationis
1010 1707 1322 1749 enuntiationes
1361 1707 1800 1761 comprehenduntur,
1850 1722 2022 1749 necesse
2065 1714 2128 1750 est
2169 1709 2282 1763 quod
2312 1709 2435 1751 alteri

51 1777 414 1818 accommodatum
444 1776 585 1830 fuerit,
617 1777 669 1818 ab
702 1778 835 1817 altero
869 1775 1124 1830 discrepare.

250 1844 411 1887 Verba:
459 1845 595 1895 ,Nunc
634 1859 735 1899 ergo
775 1843 893 1885 addit
930 1849 1105 1898 propter
1145 1844 1260 1886 aliud
1301 1839 1459 1900 ἀξίωμα
1499 1843 1798 1884 assumendum
1837 1843 2102 1886 extrinsecus
2138 1844 2171 1886 is
2204 1845 2435 1887 eunuchus'

47 1912 194 1955 vitium
226 1917 462 1955 traxerunt.
527 1912 780 1954 Aceuratius
813 1912 846 1953 si
878 1912 1175 1953 antecedentia
1205 1911 1541 1962 consideramus,
1589 1910 1712 1952 facile
1752 1911 2015 1966 intellegitur
2057 1913 2288 1967 legendum
2323 1928 2434 1955 esse:

47 1981 301 2023 Eunuchum
348 1982 459 2023 enim
504 1982 557 2023 ad
598 1982 749 2020 dedisti
792 1981 971 2022 verbum
1003 1981 1160 2022 retulit.
1222 1981 1345 2022 Nunc
1380 1994 1482 2034 ergo
1515 1980 1576 2021 ad
1609 1981 1750 2020 dedic
1782 1985 1957 2034 propter
1988 1980 2102 2022 aliud
2135 1975 2290 2037 ἀξίωμα
2322 1996 2436 2024 assu-

51 2050 253 2091 mendum
288 2052 569 2092 extrinsecus:
602 2051 636 2089 is
669 2050 880 2090 eumachus
913 2054 991 2090 010.

997 2128 1105 2168 Ε1111.
1140 2128 1191 2167 V.
1225 2132 1262 2169 ὅ.
1301 2129 1363 2168 19.
1397 2142 1486 2181 sqq.

864 2196 917 2237 Di
951 2201 1135 2237 vostram
1168 2196 1314 2236 tidem!
1349 2194 1612 2236 incredibilia

254 2267 464 2306 Parmeno
496 2266 620 2306 modo
653 2280 761 2319 quae
795 2263 1002 2307 narravit!

257 2349 373 2395 Quae
403 2345 629 2397 narrarit]
682 2344 846 2385 Nimius
878 2345 1057 2385 affectus
1090 2343 1132 2383 in
1165 2348 1388 2397 utramque
1423 2348 1588 2397 partem
1621 2343 1812 2384 defectus
1845 2342 2043 2384 orationis
2075 2348 2206 2384 amat:
2241 2347 2303 2385 est
2333 2356 2435 2396 ergo

53 2414 239 2466 ἔλλειψις
273 2413 391 2453 deest
423 2412 555 2453 enim:
592 2414 779 2453 &nausea

253 2480 434 2521 Videtur
465 2481 696 2534 legendum
728 2494 838 2522 esse:
873 2480 991 2521 deest
1023 2479 1154 2520 enim:
1194 2479 1415 2520 Gaudia.

1040 2559 1225 2613 Adelph.
1259 2559 1291 2598 Ι.
1331 2561 1365 2599 1.
1404 2560 1437 2598 1.

261 2626 445 2680 &tor-aaz]
498 2627 681 2669 Nomina
713 2642 1001 2682 personarum,
1033 2628 1076 2668 in
1108 2626 1336 2668 comoediis
1369 2626 1590 2678 duntaxat,
1624 2626 1782 2666 habere
1806 2626 1964 2666 debent
1985 2625 2191 2666 rationem
2213 2632 2254 2667 et
2277 2630 2437 2681 etymo-

56 2694 222 2747 logiam.
284 2695 454 2736 Etenim
499 2696 728 2736 absurdum
774 2701 837 2736 est
874 2695 1080 2736 comicum
1120 2700 1267 2749 0110110
1307 2700 1560 2748 argumenta
1596 2696 1859 2747 confingere:
1915 2694 1982 2734 vel
2029 2708 2182 2735 nomen
2228 2708 2436 2748 personae

56 2761 334 2815 incongruum
366 2763 479 2815 darc,
514 2765 580 2804 vel
611 2763 795 2804 officium
828 2764 940 2817 quod
971 2763 1023 2804 sit
1055 2779 1079 2804 a
1111 2766 1278 2803 nomine
1311 2761 1536 2803 diversum.
1590 2761 1702 2802 Hinc
1733 2776 1879 2802 servus
1910 2761 2046 2802 fidelis
2076 2762 2307 2803 Parmeno:
2345 2760 2436 2802 infi-

58 2828 161 2869 delis
192 2831 259 2870 vel
291 2830 433 2883 Syrus.
473 2832 539 2871 vel
572 2831 699 2872 Geta:
744 2831 862 2872 miles
895 2832 1071 2884 Thraso,
1106 2831 1173 2871 vel
1204 2831 1435 2870 Polemon:
1476 2829 1639 2870 iuvenis
1671 2830 1940 2883 Pamphilus:
1972 2834 2164 2870 matrona
2194 2829 2436 2884 Myrrhina:

59 2902 101 2937 et
147 2911 253 2950 puer
298 2897 350 2938 ab
390 2898 517 2939 odore
560 2900 736 2939 Stoi-ax:
783 2900 850 2940 vel
892 2914 917 2940 a
955 2900 1053 2940 ludo
1098 2904 1139 2940 et
1170 2912 1196 2938 a
1232 2897 1555 2951 gesticulatione
1589 2897 1758 2938 Circus:
1805 2903 1846 2938 et
1884 2896 1984 2938 item
2023 2896 2173 2938 similia
2212 2896 2255 2937 in
2285 2896 2437 2951 quibus

61 2978 267 3004 summum
302 2969 453 3018 poetae
496 2965 642 3006 vitium
674 2972 755 3013 est,
796 2967 828 3007 si
868 2967 967 3021 quid
1000 2984 1021 3008 e
1055 2967 1265 3008 contrario
1298 2980 1540 3019 repugnans
1580 2964 1837 3006 contrarium
1869 2965 2168 3018 diversumque
2200 2964 2437 3018 protulerit,

61 3029 138 3070 nisi
168 3044 244 3083 per
276 3033 500 3087 ἀντίφρασιν
532 3048 684 3074 nomen
716 3034 962 3087 imposuerit
993 3034 1248 3084 ioculariter,
1282 3040 1327 3075 ut
1348 3033 1653 3087 Misargyrides
1686 3032 1727 3073 in
1750 3034 1902 3074 Plauto
1936 3032 2086 3073 dicitur
2116 3031 2333 3086 trapezita.
2382 3032 2439 3073 Et

62 3098 151 3138 fere
197 3099 274 3138 hoc
320 3099 442 3140 niodo
488 3101 600 3154 apud
646 3100 747 3142 alios
788 3117 812 3142 a
850 3102 984 3155 poetis
1024 3103 1194 3144 nomina
1233 3106 1542 3156 componuntur
1584 3101 1860 3143 describendo
1906 3116 1983 3156 per
2029 3102 2278 3156 ἀντίφρκσιν,
2325 3101 2438 3154 quod

66 3163 258 3218 designat
290 3166 454 3206 Storax.
516 3168 683 3209 Primae
716 3174 870 3221 partes,
902 3168 1007 3210 sic'ut
1038 3170 1079 3210 in
1112 3172 1288 3224 prologo
1320 3171 1409 3223 ipse
1442 3169 1644 3223 promisit,
1677 3184 1701 3209 a
1732 3169 1901 3210 senibus
1933 3174 2117 3223 aguntur
2149 3173 2226 3209 etc.

266 3233 464 3273 Pluribus
509 3234 575 3275 hic
620 3236 734 3276 locus
773 3236 935 3277 mendis
976 3237 1221 3278 infuscatur.
1284 3240 1391 3279 Cum
1434 3238 1486 3278 de
1524 3237 1762 3278 nominibus
1803 3252 2080 3292 personarum
2121 3251 2215 3277 cum
2245 3236 2437 3290 partibus

68 3312 211 3338 carum
243 3300 568 3352 congruentibus
599 3308 760 3355 agatur,
794 3304 893 3356 quid
925 3303 1002 3344 sibi
1035 3305 1126 3344 vult
1158 3307 1260 3346 haec
1291 3305 1501 3346 sententia
1530 3305 1701 3355 ,etenim
1722 3307 1953 3347 absurdum
1975 3310 2037 3347 est
2060 3304 2266 3346 comicum
2286 3309 2435 3358 aperte

67 3370 319 3416 argumenta
357 3368 638 3419 coiifingei‘e⁷?
686 3370 728 3410 in
760 3385 842 3423 qua
875 3376 1098 3423 praeterea
1128 3387 1203 3425 pre
1236 3374 1399 3414 ratione
1430 3373 1602 3427 linguae
1634 3374 1813 3415 Latinae
1845 3389 2016 3427 parum,
2061 3372 2162 3426 quid
2192 3371 2244 3413 sit
2276 3377 2436 3427 ,aperte

71 3432 337 3484 centingerc',
369 3433 639 3486 intellegitur.
687 3436 854 3478 Deinde
885 3438 927 3478 in
950 3438 1089 3479 verbis
1123 3455 1158 3491 ,e
1191 3441 1399 3481 contrario
1432 3440 1703 3495 repugnans',
1736 3456 1831 3482 cum
1853 3441 2133 3494 subiungatur
2165 3440 2437 3497 ,contrarium
