2560 3699
1109 237 1388 277 „19-

976 361 1160 416 Adelph.
1194 361 1249 402 II.
1282 362 1319 403 3.
1354 363 1393 403 7.
1425 377 1511 417 sqq.

393 429 428 471 O
461 432 578 484 Syre,
610 429 846 470 Aeschinus
878 429 950 469 ubi
982 430 1073 470 est?
1116 427 1131 482 Η
1172 429 1315 471 Ellum
1345 436 1387 471 te
1420 435 1620 484 expectat
1652 431 1774 472 domi.
1817 431 1832 483 Η
1873 432 1998 472 Hem.
2041 432 2057 486 Η

391 498 502 546 Quid
534 498 624 538 est?
656 498 672 548 Η
709 496 819 543 Quid
852 496 932 537 sit?
964 497 1075 537 illius
1107 511 1249 551 opera,
1282 498 1388 552 Syre
1419 513 1530 539 nunc
1561 499 1668 539 vivo.
1719 499 1936 540 Festivum
1968 505 2106 554 caput,

390 565 471 613 Qui
503 565 642 606 onmia
672 564 750 604 sibi
782 568 875 618 post
906 566 1071 619 putavit
1102 579 1193 605 esse
1224 580 1326 620 prae
1359 580 1453 607 meo
1485 567 1703 607 commodo
1736 571 1813 607 etc.

267 644 390 686 Illius
422 659 560 699 opera,
595 644 714 697 Syre,
747 659 860 683 mmo
880 643 1003 696 vivo]
1051 643 1086 685 Ο
1109 645 1258 684 miram
1280 645 1649 699 amplificationem
1671 645 1878 686 beneficii.
1909 660 1992 687 non
2015 646 2134 697 dixit,
2166 646 2284 689 Illius
2306 663 2436 703 opera

62 713 239 754 amicam
270 713 426 754 habeo:
459 712 531 753 sed
554 711 664 766 quod
688 711 786 752 satis
807 725 939 764 grave
972 715 1013 751 et
1034 712 1132 751 satis
1154 713 1424 752 amatorium:
1459 712 1578 753 Illius
1601 728 1727 764 opera
1749 730 1862 754 mmc-
1883 716 1987 764 vivo,
2019 715 2165 769 inquit.
2227 715 2435 756 Festivum

64 780 217 833 caput]
264 780 376 821 Huic
408 780 640 821 contrarius
671 793 816 820 sensus
848 783 928 819 est:
962 778 1206 819 Ridiculum
1239 788 1375 833 eaput
1422 780 1509 820 Alii
1540 786 1702 834 putant,
1729 782 1926 832 festivum
1960 791 2097 836 caput,
2129 798 2212 824 non
2233 783 2435 824 Aeschini

62 848 397 902 intelligendum,
430 846 504 887 sed
536 846 747 899 orationis,
782 860 907 900 quam
938 847 1066 886 habet
1099 847 1312 901 Ctesipho,
1346 861 1476 901 agens
1508 849 1666 901 gratias
1699 849 1830 890 fratri.
1877 848 1941 892 Ita
1971 850 2013 890 in
2035 849 2263 892 Eunucho:
2301 849 2435 901 Quam

64 923 245 966 venuste,
288 915 400 969 quod
429 914 541 954 dedit
574 915 829 967 principium
869 915 1102 955 adt-emens.
1163 914 1285 962 Quod
1326 916 1358 955 si
1392 921 1473 965 est,
1513 917 1617 956 nihil
1657 921 1795 971 potest
1834 932 1962 973 supra
1991 919 2099 959 hanc
2129 919 2434 962 laudationem:

62 996 158 1023 nam
189 997 317 1036 supra
347 983 425 1023 hoc
457 982 614 1022 factum
643 982 722 1022 erit
742 982 1048 1035 accipiendum.
1081 982 1154 1023 sed
1176 983 1306 1023 male:
1340 998 1438 1024 nam
1462 993 1588 1036 capnt
1611 985 1824 1035 Aeschini,
1856 986 1898 1026 id
1922 990 1984 1027 est
2004 987 2141 1040 ipsum
2162 987 2434 1039 Aeschinum,

60 1055 106 1090 ut
135 1051 178 1091 in
208 1055 295 1092 toto
327 1065 424 1104 pars
456 1051 507 1091 sit
538 1064 615 1104 per
647 1043 908 1106 συνεκδοχήνῑ
941 1050 983 1090 in
1015 1064 1098 1103 qua
1128 1050 1264 1103 figura
1297 1056 1338 1091 et
1369 1066 1466 1105 pars
1499 1066 1575 1105 pro
1608 1057 1695 1093 toto
1727 1053 1925 1107 ponenda
1948 1059 2023 1105 est,
2055 1068 2163 1108 quae
2186 1058 2258 1095 aut
2279 1055 2437 1096 eminet

64 1131 118 1158 ex
150 1122 251 1170 toto,
284 1123 357 1159 aut
386 1119 554 1159 maioris
585 1118 709 1171 pretii
741 1122 803 1158 est
834 1116 886 1157 ad
919 1117 960 1157 id
993 1117 1104 1172 quod
1136 1118 1276 1171 agitur
1308 1123 1384 1159 etc.

266 1185 412 1227 Verba
440 1186 584 1238 inepta
616 1185 742 1239 ,quod
773 1185 806 1225 si
838 1189 912 1234 est,
945 1186 1049 1225 nihil
1080 1189 1219 1239 potest
1249 1201 1378 1240 supra
1410 1187 1516 1228 hanc
1548 1186 1845 1229 laudationem.
1898 1189 2008 1230 Nam
2029 1204 2157 1244 supra
2177 1190 2256 1231 hoc
2278 1189 2436 1231 factum

64 1253 145 1293 erit
175 1252 479 1308 accipiendum'
519 1253 571 1293 ad
603 1254 876 1305 sententiam,
916 1253 983 1293 cui
1017 1253 1172 1293 lemma
1210 1255 1493 1308 antepositum
1533 1261 1615 1296 est:
1680 1256 1814 1303 ‚Illius
1847 1272 1995 1311 opera,
2039 1257 2145 1311 Syre
2182 1273 2292 1298 mmo
2330 1258 2434 1298 vivo'

60 1320 260 1362 videntur
290 1321 516 1362 referenda
547 1335 649 1361 esse.
703 1322 821 1369 Quae
854 1326 899 1360 ut
930 1334 1098 1361 sensum
1130 1321 1341 1374 quendam
1374 1323 1617 1373 exhibeant,
1651 1325 1881 1377 legendum
1904 1330 1965 1366 est
1986 1339 2063 1379 pro
2096 1325 2434 1379 ,accipiendum⁷;

60 1388 382 1443 accipienda.
430 1388 560 1428 Totus
593 1402 694 1441 ergo
727 1390 844 1429 locus
866 1389 923 1429 sic
946 1388 1262 1430 constituendus
1285 1394 1365 1430 est:
1400 1389 1520 1429 Illius
1543 1406 1668 1444 opera
1691 1392 1781 1446 eta]
1830 1392 1865 1433 O
1888 1393 2036 1433 miram
2067 1394 2436 1448 amplificationem

59 1456 265 1497 beneficii.
326 1456 423 1497 Non
453 1455 578 1496 dixit:
630 1458 740 1497 illius
772 1471 902 1511 opera
937 1457 1111 1497 amicam
1143 1457 1299 1509 habeo,
1340 1458 1414 1498 sed
1447 1491 1626 1500 .....
1659 1461 1769 1501 illius
1816 1474 1946 1514 opera
1984 1475 2095 1502 nunc
2134 1462 2249 1514 vivo⁷
2287 1462 2434 1516 inquit.

60 1523 202 1571 Quod
240 1524 281 1564 si
322 1528 418 1576 est,
466 1524 597 1564 nihil
636 1529 809 1577 potest
846 1539 1001 1579 supra
1037 1525 1164 1565 hanc
1206 1526 1578 1577 laudationem3
1627 1543 1739 1569 nam
1780 1543 1935 1583 supra
1971 1529 2063 1569 hoc
2104 1529 2296 1570 factum
2335 1530 2437 1570 erit

59 1592 378 1645 accipienda.
427 1592 637 1632 Famam
664 1592 819 1645 capua]
847 1627 852 1632 .
878 1626 886 1634 .
914 1593 1030 1633 ‚Alii
1061 1598 1212 1647 putant
1244 1594 1441 1634 festivum
1475 1600 1601 1649 caput
1634 1610 1716 1636 non
1749 1596 1950 1637 Aeschini
1981 1597 2330 1651 intellegendum⁷
2361 1598 2435 1639 sed

60 1659 257 1700 orationis
282 1693 290 1700 .
313 1692 320 1700 .
349 1693 356 1700 .
382 1693 389 1700 .
413 1659 479 1700 Ita
508 1659 549 1699 in
572 1659 802 1700 Eunucho:
841 1665 975 1710 Quam
999 1662 1187 1700 venuste!
1219 1664 1333 1715 quod
1361 1664 1473 1702 (ledit
1491 1665 1750 1716 7.›1·z'neipiu·m
1773 1666 2008 1704 adveniens.
2062 1664 2145 1706 Sed
2177 1665 2306 1716 male;
2339 1680 2435 1706 nam

60 1732 185 1782 caput
217 1727 418 1768 Aeschini
448 1727 490 1767 id
522 1732 584 1768 est
614 1726 751 1781 ipsum
783 1727 1041 1768 Aeschinum
1074 1733 1152 1769 etc.

1212 2214 1276 2268 O.

265 2356 572 2399 coniecturis
604 2359 904 2401 emendandi
937 2364 1053 2402 sunt
1086 2362 1135 2403 hi
1168 2362 1282 2404 loci:

986 2429 1117 2470 Andr.
1151 2430 1207 2471 Π.
1241 2432 1277 2471 6.
1314 2430 1377 2471 19.
1410 2446 1499 2486 sqq.

598 2493 672 2535 Ait
702 2494 876 2536 nimium
909 2510 1035 2550 parce
1068 2498 1209 2539 facere
1241 2504 1466 2553 sumptum.
1505 2501 1520 2553 ΙΙ
1561 2499 1716 2541 Mene?
1756 2499 1772 2553 Η
1814 2501 1887 2542 Te.

601 2562 729 2616 ,Vix’,
762 2564 910 2618 inquit,
944 2565 1196 2614 ,drachumis
1229 2571 1291 2607 est
1323 2573 1576 2622 opsonatum
1607 2568 1780 2609 decem'.

260 2640 338 2679 Ait
367 2642 540 2681 nimium
569 2657 698 2695 parce
728 2644 868 2689 facere
897 2645 1138 2699 sumptum]
1188 2645 1294 2687 Mire
1316 2645 1453 2700 ipsum
1476 2647 1617 2689 dicere
1641 2647 1771 2688 veluti
1800 2649 1912 2697 fecit,
1946 2653 1988 2689 et
2008 2650 2195 2700 nimium,
2228 2651 2270 2690 et
2288 2663 2430 2703 parce.

59 2706 247 2746 Nimium
275 2722 404 2760 pao-ce
423 2709 600 2762 faeere]
661 2711 873 2764 Pepercst,
904 2726 958 2753 ne
991 2712 1151 2754 diceret
1182 2713 1361 2755 sordide.

261 2774 453 2816 Klotzius
490 2791 544 2818 ex
583 2778 700 2819 editt.
737 2784 837 2820 vett.
880 2785 993 2821 recte
1039 2786 1214 2822 annotat
1257 2782 1487 2836 legendum
1533 2798 1644 2825 esse:
1708 2786 1784 2823 Ait
1829 2787 2002 2824 nimium
2044 2798 2246 2838 perparce
2292 2787 2431 2831 facere

57 2842 294 2895 sumptum]
358 2842 510 2885 Mirum
541 2844 679 2899 ipsum
716 2846 857 2888 dicere
888 2848 1019 2889 veluti
1051 2848 1170 2889 fecit:
1220 2850 1366 2891 Mene?
1400 2879 1452 2882 —
1484 2853 1668 2907 Reliqua
1703 2851 1760 2891 sic
1792 2851 1975 2905 legenda
2004 2857 2123 2893 sunt:
2172 2853 2228 2894 Et
2258 2856 2431 2894 nz'om'um

54 2925 260 2964 perparce
288 2911 458 2964 facere]
521 2912 780 2967 Perparce
813 2915 962 2967 dicit⁷
992 2931 1046 2957 ne
1079 2916 1239 2958 diceret
1270 2918 1449 2960 sordide.

1050 3008 1182 3048 Andr.
1217 3008 1270 3049 V.
1301 3011 1339 3050 4.
1377 3010 1441 3050 18.

370 3068 463 3123 Ego
494 3069 623 3112 istaec
655 3087 803 3114 moveo
835 3080 908 3115 aut
940 3076 1071 3115 curo?
1114 3090 1196 3116 non
1228 3081 1273 3116 tu
1304 3082 1423 3118 tuum
1456 3079 1612 3119 malum
1643 3092 1779 3133 aequo
1811 3077 1949 3119 animo
1981 3078 2125 3120 feres‘?

262 3136 360 3177 Non
393 3147 437 3178 tu
476 3147 590 3179 tuum
631 3142 785 3180 ‘malum
824 3158 956 3197 aequo
997 3145 1136 3183 animo
1158 3144 1305 3197 jerem]
1369 3145 1463 3185 Non
1496 3145 1649 3197 filium,
1689 3147 1763 3187 sed
1804 3161 1991 3188 amorem
2020 3146 2063 3187 in
2093 3146 2177 3187 filio
2209 3147 2426 3201 significa-t.

58 3205 126 3245 An
160 3203 257 3259 quia
288 3204 419 3246 iratus
450 3208 543 3248 est?
594 3208 648 3248 Et
679 3209 914 3263 quaeritur,
955 3225 1007 3251 an
1044 3211 1295 3253 conveniant
1326 3214 1432 3253 haec
1464 3215 1594 3255 verba
1626 3213 1850 3268 Pamphilo
1883 3214 2091 3256 veniente.
2152 3215 2285 3257 Immo
2318 3216 2429 3257 enim

57 3271 329 3314 conveniunt:
361 3288 459 3315 nam
490 3281 646 3329 quanto
677 3276 810 3331 magis
842 3277 1075 3319 dissimulat
1105 3280 1308 3330 favorem,
1341 3286 1456 3322 tanto
1488 3283 1582 3336 plus
1615 3281 1793 3336 acquirit
1824 3282 1922 3323 fidei
1951 3283 2005 3324 ad
2028 3297 2078 3324 ea
2100 3297 2207 3337 quae
2230 3283 2425 3338 loquitur.

259 3340 327 3381 Ex
360 3342 424 3383 ed.
457 3357 518 3396 pr.
551 3343 730 3393 Veneta,
763 3359 870 3399 quae
904 3345 1096 3387 exhibet:
1144 3362 1234 3401 ‚pro
1266 3348 1488 3403 Pamphilo
1521 3349 1732 3391 veniente'
1764 3349 1932 3391 videtur
1963 3351 2193 3404 legendum
2224 3365 2334 3393 esse:
2372 3351 2427 3392 Et

56 3407 285 3461 quaeritur,
316 3424 369 3450 an
402 3411 653 3452 conveniant
682 3413 786 3453 haec
819 3414 949 3454 verba
979 3428 1067 3468 pro
1099 3415 1377 3470 Pamphilo
1409 3419 1612 3459 veniam
1644 3419 1858 3473 petenti.

2203 3486 2224 3519 3
