2560 3699
1096 250 1376 289 —10.„

257 379 362 419 Hec.
386 377 464 417 III.
491 377 525 416 1.
553 376 624 416 14:
667 375 882 415 Habebam
913 373 1041 426 aliha]
1103 373 1284 413 Gravius
1323 372 1430 412 dixit
1468 370 1598 420 Alibi,
1637 383 1764 424 quam
1803 372 1836 411 si
1867 371 1906 411 in
1939 370 2145 412 meretrice
2183 370 2342 411 diceret
2373 372 2422 412 et

54 448 203 488 maluit
233 446 349 487 Alibi
379 445 534 494 dicere,
567 457 693 496 quam
723 443 778 482 acl
806 442 1066 482 meretricem.

256 514 361 554 Hec.
387 511 456 552 IV.
481 512 518 552 4.
547 510 622 551 65:
654 510 850 561 Impulsu
881 509 1038 549 (luxisti
1068 508 1182 561 mea]
1244 508 1424 548 Multum
1456 508 1570 547 valet
1609 507 1661 546 ad
1697 504 2074 561 [perjsuadendum
2104 505 2289 547 laudatio
2321 510 2422 547 eius.

52 581 168 635 apud
200 595 325 634 quem
357 581 541 634 agimus:
576 579 627 620 et
658 592 712 618 ex
745 591 795 617 ea
825 581 946 630 parte
977 576 1177 624 laudatio,
1210 590 1293 629 qua
1323 576 1443 615 illum
1473 575 1665 615 volumus
1696 575 1864 614 inflecti.

260 647 486 689 Ρ1101·111.Ι.
510 648 547 685 2.
571 646 645 686 70:
677 645 807 685 Illene
836 644 1063 684 indotatam
1093 643 1319 696 virye'nem]
1381 642 1636 698 Ἑμφκτικῶς
1675 643 1758 693 1110,
1799 642 1850 682 (10
1890 656 1971 696 quo
2013 641 2200 682 dixerat:
2240 641 2402 682 desinas
2414 657 2425 691 ,·

54 717 116 757 sic
145 719 205 757 est
236 716 471 768 mmmmm:-
494 719 536 754 et
567 715 638 767 qui
669 717 843 767 propter
874 726 992 765 spem
1024 712 1129 752 lucri
1160 711 1383 763 navigarat
1413 725 1560 751 senex.
1612 709 1920 750 Insinuandum
1950 710 2080 762 igitur
2102 710 2194 749 fuit.
2227 709 2293 749 1110
2316 713 2426 749 enim

55 785 137 825 erit
168 797 292 825 omne
324 783 561 836 perieulum
592 781 775 822 fabulae.
824 779 884 820 Et
915 778 1063 819 ordine
1098 779 1313 819 Terentius
1343 779 1460 831 prius
1492 778 1720 818 insinuavit
1740 791 1965 831 personam
1997 778 2121 829 senis,
2153 782 2199 817 ut
2230 778 2425 829 graviora

33 852 209 892 'fierent
240 864 349 904 quae
382 849 635 889 dirimebant
666 849 847 902 nuptias.

262 917 342 958 His
373 916 615 957 addendum
647 920 709 956 est
739 916 942 955 scholium
973 914 1026 954 ad
1058 914 1165 954 Eun.
1189 914 1268 954 ΠΙ.
1293 915 1330 953 2.
1354 914 1427 954 26:
1468 913 1558 966 Eyo
1599 913 1715 953 illum
1755 913 1999 962 eemuelzzwn',
2041 913 2079 952 3ἑ
2108 913 2183 952 siet
2214 925 2337 964 opus,
2369 912 2430 952 vel

57 983 250 1040 sobrius]
313 971 407 1025 Hoc
439 990 484 1024 ut
516 985 696 1024 militare
729 994 803 1033 051,
837 984 895 1024 ita
925 983 1211 1033 importunum
1243 986 1470 1036 praesente
1494 981 1681 1022 Thaide:
1715 986 1838 1022 extra
1860 995 1998 1035 quam,
2031 981 2150 1021 miles
2183 982 2216 1021 si
2247 986 2428 1036 saperet.

56 1051 161 1094 nihil
191 1053 394 1094 amatorie
427 1052 703 1104 contemplari
735 1051 893 1091 debuit.
956 1050 1041 1091 Sed
1073 1055 1114 1090 et
1146 1051 1223 1090 1100
1255 1049 1418 1090 accedit
1450 1049 1500 1089 ad
1535 1050 1623 1090 eius
1656 1049 1812 1100 odium,
1854 1053 2155 1102 praeterquam
2195 1049 2308 1102 quod
2350 1052 2429 1089 iam

55 1121 99 1161 in
131 1121 369 1174 suspicione
401 1125 465 1160 est
496 1119 656 1159 amicae
688 1132 802 1170 suae,
836 1118 946 1172 quod
986 1118 1198 1158 fidicinam
1235 1118 1369 1171 magis
1407 1117 1569 1175 diligat.
1631 1116 1687 1157 Et
1723 1118 1801 1158 hoc
1839 1117 1956 1168 mire,
2004 1116 2116 1170 quod
2152 1130 2276 1157 nemo
2316 1117 2431 1171 prior
2465 1153 2468 1155 .

56 1188 301 1229 eunuchum
332 1202 422 1228 esse
455 1187 712 1236 Chaeream,
751 1201 877 1239 quam
915 1186 1054 1233 miles,
1103 1185 1298 1226 credidit:
1346 1185 1451 1226 adeo
1498 1185 1648 1226 stultus
1687 1185 1815 1225 etiam
1855 1184 2024 1225 nomine
2064 1185 2154 1238 ipso
2187 1185 2430 1238 appellavit.

57 1255 144 1296 Sed
174 1255 315 1296 statim
345 1255 471 1295 stulte
503 1255 623 1295 miles
655 1253 789 1308 primo
819 1252 990 1308 quidem
1019 1252 1253 1294 convicium
1285 1252 1364 1307 ipsi
1396 1253 1589 1293 eunucho
1623 1252 1742 1294 facit:
1789 1252 1832 1292 in
1864 1267 1945 1306 quo
1977 1257 2117 1306 potest
2146 1252 2230 1293 iam
2261 1252 2432 1293 laedere

56 1321 249 1364 amicam.
282 1321 434 1362 deinde
467 1326 690 1362 attestatur
722 1323 799 1362 hoc
832 1321 947 1365 dieto
976 1320 1336 1375 pulchritudinem
1367 1319 1493 1361 huius
1524 1320 1723 1361 muneris.
1785 1319 1897 1366 Quid
1928 1320 2058 1374 igitur
2088 1319 2282 1375 proficit?
2325 1319 2433 1361 Satis

59 1395 206 1431 autem
236 1389 422 1431 ioculare
455 1395 530 1440 est,
562 1389 596 1430 si
627 1388 786 1442 cogites
819 1390 1056 1430 Chaeream
1088 1404 1192 1439 0550,
1226 1389 1297 1443 qui
1330 1389 1434 1428 haec
1467 1388 1518 1429 de
1550 1403 1594 1429 se
1627 1388 1783 1439 audiat,
1817 1393 1858 1429 et
1889 1393 2029 1430 tacere
2061 1393 2250 1441 cogatur.

262 1458 302 1497 A
333 1457 472 1498 verbis
505 1457 604 1505 ,Sed
637 1456 777 1497 statim
808 1459 934 1498 stulte
966 1457 1086 1498 miles
1118 1456 1211 1497 etc.'
1245 1471 1355 1497 nova
1387 1455 1601 1497 annotatio
1635 1456 1799 1497 initium
1832 1455 1963 1510 capit;
1997 1457 2114 1497 cuius
2147 1456 2283 1510 prima
2303 1457 2430 1497 verba

56 1530 132 1566 aut
162 1525 381 1579 perierunt
412 1530 484 1566 aut
515 1524 616 1575 ‚sed'
650 1527 892 1578 corruptela
923 1530 1120 1566 exortum
1153 1530 1227 1565 est.
1289 1525 1374 1564 Pro
1406 1524 1662 1577 ,convitium'
1695 1524 1926 1578 legendum
1957 1529 2016 1565 est
2052 1525 2433 1568 condicionem,

59 1594 289 1634 vernacula
324 1593 698 1646 „memsam-ag«.

604 1661 727 1702 Cum
759 1661 910 1702 falsis
943 1661 1196 1701 lemmatis
1228 1662 1481 1714 leguntur
1513 1661 1636 1702 haec
1667 1662 1890 1702 scholia:

1080 1728 1189 1768 Eun.
1214 1729 1268 1768 II.
1293 1729 1332 1768 ⁶3.
1354 1729 1421 1769 58.

929 1796 1040 1847 Vidi,
1074 1798 1191 1837 novi:
1225 1797 1309 1837 5010
1342 1811 1423 1850 quo
1456 1796 1639 1836 abducta
1670 1797 1732 1837 sit.
1771 1797 1786 1848 Η

742 1864 849 1915 Ε110,
883 1865 1092 1905 Parmeno
1127 1865 1195 1915 1111,
1227 1865 1365 1905 nostin
1397 1870 1438 1905 et
1469 1866 1547 1905 5015
1580 1864 1650 1904 ubi
1683 1865 1789 1905 siet?

267 1933 359 1974 Scio
391 1946 468 1984 quo
501 1933 675 1972 aestuem
706 1933 789 1985 stt]
853 1932 1049 1973 Secunda
1082 1933 1362 1980 ἀποσιώπησις.
1399 1958 1445 1961 -

267 2001 315 2041 In
348 2001 548 2040 lemmate
581 2001 704 2040 huius
745 2001 1011 2053 glossematis
1043 2001 1271 2041 delendum
1311 2006 1373 2041 est
1413 2000 1538 2052 ,5010’,
1581 2006 1626 2041 111
1656 2001 1943 2054 intellegatur,
1990 2000 2091 2055 quid
2134 2001 2212 2041 sibi
2259 2000 2439 2040 voluerit

61 2069 307 2111 scholiastes
339 2067 588 2121 significare.
652 2068 884 2108 Coniunxit
917 2067 1028 2109 enim
1060 2069 1187 2109 falso:
1239 2068 1346 2119 Vidi,
1380 2069 1483 2119 nori,
1517 2070 1619 2120 3010,
1661 2069 1814 2110 deinde
1846 2069 2006 2109 intulit:
2054 2082 2130 2120 quo
2161 2068 2335 2109 abducta
2365 2068 2437 2114 sit:

62 2151 172 2191 quae
205 2136 376 2191 quidem
407 2135 539 2176 verba
570 2135 754 2176 Charino
788 2137 1075 2177 exclamante:
1108 2137 1215 2187 Eleo,
1249 2137 1453 2177 Parmeno
1475 2141 1544 2177 etc.
1577 2151 1747 2178 servum
1769 2138 1975 2191 perficere
1997 2151 2081 2177 non
2105 2137 2288 2190 potuisse
2311 2135 2439 2176 inter-

63 2209 267 2258 pretatur.
331 2203 611 2244 Scribendum
644 2217 766 2256 ergo:

271 2274 358 2324 (22⁶0
389 2272 564 2312 abducta
594 2273 646 2312 ‹st't
678 2272 761 2325 —].
824 2272 1020 2313 Secunda
1052 2273 1330 2318 ἀποσιώπησις.
1393 2274 1548 2324 (Aliter
1582 2274 1776 2314 Hahnius
1808 2273 1832 2312 l.
1865 2273 1892 2313 l.
1925 2272 1980 2312 II.
2012 2286 2055 2326 p.
2087 2273 2111 2313 8
2144 2276 2186 2312 et
2216 2272 2275 2324 9.)

1073 2341 1180 2381 Eun.
1204 2341 1283 2381 III.
1305 2341 1343 2381 ὅ.
1370 2342 1433 2381 12.

820 2412 854 2449 Ο
888 2409 1020 2449 festus
1053 2410 1139 2449 dies
1171 2410 1363 2461 hominis,
1397 2410 1544 2459 amice.
1578 2411 1703 2451 salve.

275 2475 308 2516 O
337 2476 468 2528 festus
500 2477 586 2517 (lies
617 2476 807 2526 lzommis,
848 2477 996 2525 conice,
1037 2477 1179 2529 salve]
1243 2477 1379 2518 Decet
1410 2492 1434 2518 a
1465 2477 1719 2518 salutatione
1751 2477 1940 2530 incipere
1971 2477 2187 2518 luculente
2221 2476 2441 2517 dicturum.

65 2543 181 2585 Illud
217 2548 360 2584 autem
391 2544 618 2585 verisimile
658 2550 721 2586 est
766 2550 807 2586 et
848 2559 1095 2598 percussum
1134 2560 1178 2585 re
1215 2559 1325 2585 nova
1365 2551 1406 2586 et
1446 2545 1647 2586 audiendi
1685 2545 1885 2599 cupidum
1925 2546 2215 2586 immemorem
2254 2545 2442 2584 extitisse

64 2611 290 2653 salutandi.

271 2679 368 2720 Non
401 2680 452 2720 de
485 2680 704 2721 Chaereae
737 2680 875 2721 verbis
907 2677 1213 2721 commentator
1245 2682 1442 2735 exponit‚
1484 2682 1641 2735 quippe
1682 2681 1752 2736 qui
1788 2681 2055 2736 amplissimis
2087 2681 2227 2721 verbis
2265 2683 2445 2720 amicum

66 2747 236 2800 salutet,
268 2748 342 2788 sed
377 2748 609 2788 Charinum
640 2753 758 2789 notat
788 2748 1077 2789 immemorem
1108 2748 1236 2789 fuisse
1268 2748 1478 2789 salutandi
1510 2750 1573 2789 his
1605 2750 1744 2790 verbis
1777 2752 1829 2799 (v.
1856 2750 1908 2790 10
1938 2752 2067 2804 sqq.):
2115 2748 2305 2797 Chaerea.
2348 2748 2447 2800 quid

66 2818 130 2855 est
159 2815 266 2866 quod
295 2816 354 2856 sie
379 2816 540 2868 mstis?
570 2816 670 2868 qzcicl
698 2817 777 2857 sibi
807 2817 872 2857 hic
902 2817 1072 2857 vestitus
1104 2817 1295 2867 (lenaei-it?
1326 2821 1403 2857 etc.

1018 2884 1201 2938 Adelph.
1226 2884 1256 2924 I.
1279 2886 1316 2925 2.
1340 2885 1394 2926 59
1417 2900 1504 2939 sqq.

1039 2953 1124 2993 Iste
1157 2958 1253 2993 111115
1283 2952 1374 3007 ipse
1406 2954 1559 2994 sentiet

767 3019 996 3061 Posterius.
1040 3022 1136 3061 nolo
1169 3024 1210 3061 in
1241 3022 1359 3061 illum
1390 3023 1562 3074 gravius
1593 3020 1744 3061 (licere.

279 3074 524 3140 Posterius}
576 3087 748 3127 Etenim
779 3087 943 3128 Demea
974 3089 1073 3129 satis
1104 3090 1182 3129 hoc
1213 3103 1344 3141 grave
1377 3090 1591 3130 existimat
1623 3089 1781 3129 dictum
1812 3089 1853 3128 in
1876 3102 1985 3137 eum,
2019 3089 2089 3142 qui
2111 3103 2194 3129 non
2226 3087 2447 3142 provideat

71 3153 117 3193 in
149 3153 353 3205 futurum,
386 3159 428 3195 et
459 3155 619 3195 arctius
647 3155 749 3208 quia
779 3162 900 3209 pater
932 3160 1005 3196 est.
1040 3181 1090 3185 -—
1125 3156 1233 3196 Nolo
1263 3157 1307 3196 iu
1340 3157 1454 3196 illum
1483 3154 1684 3211 gravius]
1749 3156 1918 3196 Scilicet
1949 3171 2076 3210 quam
2106 3157 2197 3197 1100.

280 3221 347 3262 Sic
382 3222 728 3274 WVesterhovius3
769 3225 925 3264 rectius
957 3224 1149 3264 Klotzius
1181 3239 1237 3264 ex
1269 3225 1385 3265 editt.
1420 3230 1521 3265 vett.
1562 3224 1773 3265 exhibuit:
1814 3224 1923 3264 solo
1963 3224 2049 3276 etex]
2112 3224 2282 3264 Scilicet
2323 3237 2447 3276 quam

77 3288 168 3329 hoc.
202 3315 254 3320 —
287 3289 530 3343 Posterius]
579 3290 750 3331 Etenim
781 3291 945 3332 Demea
976 3296 1054 3332 etc.
1089 3316 1143 3319 -—
1174 3292 1408 3332 Praeterea
1439 3297 1612 3333 annotat
1650 3293 1829 3346 primam
1869 3291 2073 3332 Venetam
2114 3305 2189 3345 pro
2228 3291 2447 3331 lemmate:

73 3355 183 3397 Nolo
220 3358 264 3397 in
302 3358 419 3398 illam
457 3359 629 3409 mervius
660 3359 883 3400 exhibere:
935 3359 1036 3408 ‚Iste
1068 3363 1162 3400 111113
1192 3361 1335 3400 sentiet
1359 3364 1566 3411 postremo
1597 3361 1704 3400 malo
1734 3358 1918 3399 uallum?
1979 3359 2085 3400 Inde
2124 3359 2248 3399 facile
2285 3358 2449 3399 intelle-

72 3423 191 3476 gitur
221 3425 452 3478 legendum
483 3439 597 3467 esse:
644 3427 752 3468 Nolo
784 3427 825 3467 in
858 3427 972 3467 illum
998 3427 1214 3480 gravius}
1262 3427 1434 3468 Scilicet
1481 3443 1606 3482 quam
1646 3429 1743 3468 hoc:
1790 3427 1902 3468 Iste
1950 3431 2072 3467 tans
2118 3427 2225 3479 ipse
2269 3427 2451 3466 sentiet
