2560 3699
1198 783 1315 844 Π.

1019 922 1495 975 Emendationes.

271 1047 617 1088 Commentorum
650 1047 806 1087 Donati
839 1047 891 1088 ad
923 1048 1198 1102 explicandas
1229 1053 1271 1089 ct
1313 1049 1605 1090 emendandas
1645 1051 1836 1091 Terentii
1877 1051 2042 1093 fabulas
2081 1053 2194 1094 haud
2232 1054 2443 1096 inutilium

65 1116 252 1158 nondum
283 1116 512 1156 editionem
543 1115 666 1155 huius
698 1117 847 1156 aetatis
880 1116 1070 1156 doctrina
1102 1122 1143 1157 ct
1174 1117 1336 1157 ratione
1369 1117 1514 1157 critica
1546 1118 1719 1170 dignam
1750 1119 1998 1160 adornatam
2030 1134 2120 1162 esse
2153 1126 2267 1162 certe
2300 1123 2442 1165 dolen·
2473 1160 2475 1162 ,

65 1185 165 1226 dum
199 1189 272 1226 est.
335 1184 527 1224 Klotzius
559 1183 670 1224 enim
702 1197 956 1237 quamquam
994 1184 1037 1223 in
1069 1184 1258 1225 editione
1299 1199 1375 1225 sua
1408 1185 1502 1225 Ter.
1538 1189 1579 1225 et
1613 1184 1719 1226 Don.
1754 1191 1831 1227 ete.
1866 1187 1965 1228 Hal.
1999 1188 2107 1230 1838
2145 1191 2443 1233 vestustiorum

65 1252 330 1308 quarundam
362 1251 593 1292 editionum
626 1252 763 1292 varias
802 1252 1004 1292 lectiones
1044 1253 1212 1306 copiose
1255 1253 1430 1300 notavit,
1470 1253 1561 1307 ipsa
1600 1258 1742 1294 tamen
1789 1255 1948 1296 scholia
1993 1257 2260 1298 emendanda
2303 1260 2442 1312 potius

65 1335 189 1374 quam
222 1319 447 1360 emendata
478 1319 685 1360 exhibuit.
746 1319 894 1359 Gratia
932 1319 1061 1373 igitur
1093 1321 1143 1359 A.
1179 1320 1532 1361 Reifferscheidio
1573 1326 1635 1362 est
1674 1323 1884 1373 habenda,
1926 1324 1997 1377 qui
2035 1325 2143 1366 hanc
2181 1326 2441 1379 provinciam

64 1402 199 1429 novae
232 1387 428 1428 editionis
459 1387 674 1440 parandae
707 1387 891 1428 maxime
925 1401 1145 1440 operosam
1178 1392 1220 1428 et
1251 1388 1544 1429 difficillimam
1567 1389 1762 1430 videatur
1793 1392 2039 1445 suscepisse.
2087 1392 2143 1433 Et
2173 1407 2281 1447 quae
2304 1394 2441 1436 adhuc

63 1456 195 1496 edidit
226 1455 365 1508 capita
396 1455 437 1494 in
469 1454 677 1494 indicibus
708 1455 947 1495 scholarum
978 1455 1374 1496 Vratislaviensium
1408 1456 1478 1509 (cf.
1510 1471 1550 1510 p.
1581 1456 1622 1508 3)
1669 1464 1876 1512 apparatu
1915 1460 2058 1500 critico
2091 1460 2282 1514 adiutus,
2315 1476 2440 1515 quem

64 1523 310 1577 Schopenus
343 1528 626 1576 congesserat,
659 1523 708 1563 iis
740 1523 927 1563 subsidia
958 1523 1167 1576 quaedam
1199 1523 1250 1564 ad
1276 1524 1380 1564 haec
1415 1529 1653 1565 commenta
1675 1527 1829 1566 rectius
1861 1528 2157 1568 constituenda
2177 1542 2261 1569 non
2293 1529 2440 1570 deesse

62 1591 365 1644 comprobavit.
427 1590 489 1629 Ad
522 1591 628 1630 haec
660 1590 864 1630 accedere
897 1590 1085 1631 codicem
1118 1591 1329 1645 quendam
1353 1592 1567 1645 integrum
1590 1593 1631 1632 in
1656 1593 1912 1635 bibliotheca
1934 1595 2169 1636 Bodleiana
2201 1602 2440 1638 exstantem

61 1658 307 1698 recentioris
339 1659 501 1709 aetatis,
535 1658 608 1698 sed
640 1658 1037 1711 interpolationibus
1068 1673 1149 1699 non
1184 1659 1464 1712 depravatum
1506 1674 1643 1714 nuper
1675 1661 1814 1702 docuit
1846 1663 2053 1704 Dziatzko
2092 1665 2134 1704 in
2172 1663 2328 1715 libello,
2369 1667 2440 1719 qui

61 1726 304 1766 inscribitur
329 1726 558 1779 „Beitriige
581 1740 655 1765 zur
674 1725 818 1765 Kritik
841 1725 913 1765 des
936 1727 1043 1766 nach
1066 1726 1214 1766 Aelius
1237 1726 1432 1767 Donatus
1454 1728 1698 1768 benannten
1722 1728 2189 1777 Tercnzkommentars.
2214 1732 2262 1773 L.
2290 1733 2438 1785 1879“,

60 1794 101 1833 in
133 1807 215 1847 quo
246 1797 473 1847 praeterea
503 1793 749 1833 fasciculum
783 1794 1126 1835 emendationum
1158 1795 1452 1848 pervulgavit,
1487 1809 1590 1849 quas
1622 1795 1674 1836 R.
1706 1796 1927 1838 Bentleius
1964 1800 2144 1853 margini
2183 1801 2440 1854 exemplaris

59 1862 123 1901 sui
153 1862 359 1914 ascripsit.
408 1861 474 1901 Ita
505 1875 600 1915 spes
631 1875 715 1901 non
747 1861 969 1902 abicienda
1001 1866 1063 1902 est
1094 1862 1185 1902 fore
1218 1868 1263 1903 ut
1296 1864 1426 1903 etiam
1458 1864 1549 1917 ipsa
1579 1864 1738 1905 scholia
1769 1866 2014 1919 saepissime
2046 1867 2209 1908 mendis
2241 1873 2283 1908 et
2312 1869 2439 1910 inter-

59 1929 344 1983 polationibus
377 1929 482 1970 adeo
515 1934 725 1982 corrupta,
758 1934 805 1970 ut
837 1930 1005 1970 omnino
1037 1930 1228 1983 intellegi
1260 1945 1343 1971 non
1386 1933 1559 1985 possint,
1599 1932 1651 1973 ad
1692 1933 1911 1974 meliorem
1955 1934 2134 1976 formam
2172 1941 2437 1976 revocentur.

262 1996 375 2044 Quos
422 2010 500 2051 ego
546 1998 625 2037 hac
671 1999 1020 2038 commentatione
1067 1998 1180 2038 locos
1212 1998 1442 2040 emendare
1481 2000 1582 2040 mihi
1622 2001 1842 2053 proposui,
1891 2015 1962 2043 eos
2003 2003 2232 2043 maximam
2271 2008 2436 2058 partem

59 2064 148 2104 sine
180 2064 384 2105 librorum
416 2065 796 2118 manuscriptorum
829 2066 987 2105 auxilio
1019 2066 1108 2106 sola
1140 2072 1228 2107 arte
1262 2068 1537 2108 coniecturali
1561 2068 1700 2108 sanari
1722 2083 1844 2122 posse
1867 2070 2095 2111 arbitratus
2116 2085 2221 2111 sum.
2269 2071 2439 2113 Scholia

58 2136 237 2172 tractata
267 2137 364 2172 sunt
403 2133 524 2173 haec:
565 2132 618 2172 ad
650 2132 782 2173 Andr.
807 2132 840 2174 I.
868 2135 900 2174 1.
930 2135 992 2183 10,
1015 2134 1092 2184 48;
1126 2133 1179 2173 II.
1203 2135 1240 2175 2.
1269 2135 1338 2186 10,
1372 2135 1428 2175 II.
1453 2135 1487 2175 6.
1520 2135 1582 2187 16,
1610 2136 1681 2187 19,
1717 2135 1791 2176 ΙΙΙ.
1819 2139 1853 2177 1.
1878 2138 1925 2189 2,
1960 2136 2031 2178 IV.
2056 2138 2093 2179 3.
2122 2139 2191 2190 12,
2225 2139 2276 2179 V.
2301 2140 2340 2181 2.
2367 2141 2435 2193 14,

61 2199 111 2239 V.
139 2200 178 2240 4.
213 2201 277 2241 18.
312 2224 363 2228 --
396 2200 503 2240 Eun.
532 2199 558 2239 Ι.
582 2200 620 2239 2.
651 2199 717 2249 85,
748 2201 821 2252 87,
870 2200 924 2241 ΙΙ.
962 2202 1001 2241 3.
1029 2202 1094 2253 20,
1125 2202 1192 2254 32,
1222 2202 1295 2253 58,
1336 2200 1412 2242 Ill.
1446 2204 1480 2242 1.
1512 2203 1584 2252 23,
1627 2203 1706 2243 ΠΙ.
1731 2205 1768 2245 2.
1805 2205 1869 2257 19,
1899 2205 1967 2257 24,
1990 2206 2062 2258 26,
2106 2206 2185 2247 ΙΙΙ.
2208 2206 2246 2247 5.
2273 2208 2337 2258 12,
2361 2208 2434 2260 29,

55 2266 132 2307 IV.
156 2267 192 2308 3.
220 2269 290 2320 11,
315 2268 367 2312 V.
391 2269 428 2309 8.
456 2268 519 2320 15,
542 2268 607 2309 20.
633 2295 685 2299 —
708 2268 892 2322 Adelph.
916 2268 947 2308 I.
976 2271 1010 2310 1.
1034 2271 1069 2321 1,
1093 2270 1167 2321 21,
1191 2270 1223 2310 I.
1247 2270 1283 2309 2.
1308 2271 1386 2321 60,
1419 2270 1476 2310 Π.
1499 2271 1536 2311 3.
1561 2272 1599 2322 7,
1623 2272 1667 2323 8,
1691 2272 1746 2313 ΙΙ.
1769 2273 1805 2312 4.
1834 2273 1905 2323 10,
1931 2273 2006 2314 ΙΙΙ.
2034 2274 2070 2315 2.
2094 2274 2168 2326 56,
2201 2275 2338 2326 ΙΙΙ-4,
2361 2277 2436 2327 12,

55 2333 130 2375 IV.
158 2336 289 2376 1.16;
325 2335 398 2376 IV.
421 2336 459 2377 5.
483 2336 521 2385 9,
549 2336 612 2388 13,
640 2338 708 2387 19,
743 2337 794 2377 V.
819 2337 855 2377 8.
884 2337 946 2378 15,
982 2364 1031 2368 --
1067 2338 1170 2378 Hec.
1197 2342 1302 2391 prol.
1330 2339 1364 2379 1.
1389 2339 1434 2390 83
1468 2339 1500 2379 Ι.
1526 2339 1564 2379 2.
1588 2340 1661 2392 61,
1694 2339 1771 2383 ΙΙΙ.
1797 2343 1830 2381 1.
1857 2343 1927 2393 14,
1961 2342 2035 2382 IV.
2059 2343 2099 2383 4.
2124 2342 2197 2394 65,
2230 2342 2280 2383 V.
2308 2344 2433 2385 1.17.

56 2427 105 2432 —
141 2404 312 2445 Phorm.
336 2403 368 2444 I.
398 2406 430 2444 1.
464 2406 501 2455 1,
535 2404 565 2444 Ι.
594 2406 630 2444 2.
655 2405 722 2457 37,
745 2405 821 2456 70,
855 2405 909 2444 ΙΙ.
938 2407 972 2445 1.
997 2405 1071 2457 81,
1105 2406 1160 2446 II.
1184 2407 1222 2447 3
1246 2407 1314 2447 79.

1208 2554 1279 2607 A.

473 2665 730 2707 Lemmata
762 2677 891 2720 quae
924 2668 1167 2708 vocantur
1198 2667 1515 2709 restituenda
1546 2670 1665 2710 sunt
1696 2669 1771 2710 his
1803 2669 1944 2713 locis:

1023 2747 1155 2787 Andr.
1183 2746 1235 2786 II.
1263 2747 1302 2788 2.
1327 2748 1352 2788 9
1375 2762 1462 2802 sqq.

394 2813 529 2866 Dave,
562 2814 680 2866 perii.
724 2813 738 2864 Η
782 2814 893 2862 Quin
925 2819 970 2855 tu
1001 2815 1079 2855 hoc
1112 2815 1222 2856 audi.
1259 2814 1275 2868 ΙΙ
1313 2815 1475 2856 Interii.
1519 2816 1535 2868 Η
1578 2817 1689 2864 Quid
1729 2819 1891 2869 timeas,
1933 2819 2029 2859 scio.

392 2881 490 2922 Mea
521 2882 693 2935 quidem
723 2882 866 2923 hercle
898 2887 1013 2923 certe
1045 2884 1087 2923 in
1120 2883 1247 2923 dubio
1281 2884 1369 2924 vita
1401 2889 1477 2924 est.

255 2948 358 2990 Mea
388 2950 550 3001 quidem
582 2949 739 3002 hercle]
801 2950 983 2990 Videtur
1015 2951 1224 2992 Charinus
1256 2952 1350 3005 plus
1384 2952 1561 2993 dixisse:
1596 2952 1724 3005 Perii,
1757 2968 1883 3007 quam
1906 2954 2172 3008 Pamphilus:
2207 2954 2309 2995 ffIea
2340 2956 2429 3006 qui-

52 3017 141 3057 dem
172 3016 304 3057 hercle
335 3021 437 3058 certe
465 3018 509 3058 iaz
548 3018 668 3058 <lubio
708 3022 767 3058 est
808 3019 904 3058 vita.
967 3018 1051 3059 Sed
1090 3033 1172 3059 non
1212 3025 1274 3060 est
1314 3021 1404 3060 hoc.
1454 3021 1547 3073 plus
1588 3022 1699 3061 enim
1740 3022 1989 3075 Pamphilus
2028 3022 2148 3063 dixit.
2209 3023 2318 3064 Nam
2358 3024 2430 3077 qui

53 3085 168 3137 vivit,
199 3099 283 3125 non
318 3090 457 3138 potest
487 3087 716 3126 interiisse:
748 3086 782 3126 is
814 3090 956 3126 autem
989 3087 1059 3140 qui
1092 3088 1207 3139 vivit,
1241 3089 1370 3128 vitam
1403 3093 1542 3141 potest
1574 3089 1614 3128 in
1648 3088 1775 3130 dubio
1817 3090 1988 3130 habere.
2050 3090 2153 3131 Ideo
2193 3095 2234 3131 et
2274 3091 2428 3131 iuravit

51 3151 201 3192 hercle:
233 3157 275 3192 et
306 3153 522 3194 affirmans
549 3153 854 3207 jusjurandum
887 3158 989 3194 certe
1019 3155 1195 3195 addidit.
1257 3155 1375 3196 Bene
1409 3160 1529 3196 certe:
1570 3157 1690 3207 quasi
1722 3157 1826 3196 illud
1869 3157 2004 3197 interii
2046 3157 2198 3198 falsum
2238 3158 2302 3198 sit.
2362 3158 2427 3198 Ita

51 3219 300 3273 Pamphilus
332 3221 426 3274 plus
458 3222 572 3273 fecit,
604 3222 841 3275 periturum
872 3235 915 3261 se
949 3235 1041 3262 esse
1074 3222 1268 3263 dicendo.
1302 3238 1429 3278 quam
1462 3223 1670 3264 Charinus
1702 3224 1923 3265 interiisse.

253 3289 293 3328 A
324 3289 464 3329 verbis
496 3290 629 3341 ,Bene
660 3292 762 3329 certe
794 3288 887 3329 etc.⁷
935 3304 1090 3330 novum
1121 3291 1325 3331 scholium
1357 3292 1522 3332 initium
1553 3292 1678 3345 capit,
1721 3292 1786 3331 cui
1817 3292 1930 3333 idem
1962 3293 2117 3333 lemma
2138 3297 2264 3346 atque
2296 3293 2425 3347 priori

50 3355 400 3409 anteponendum
432 3361 512 3408 est;
545 3362 770 3411 praeterea
802 3358 843 3397 in
876 3358 1015 3410 priore
1047 3358 1204 3398 scholio
1226 3373 1302 3413 pro
1336 3359 1533 3411 ,Videtur
1565 3359 1773 3400 Charinus
1794 3360 1888 3414 plus
1912 3360 2089 3402 dixisse:
2122 3359 2249 3400 Pera*
2281 3361 2424 3413 legen-

50 3422 149 3463 dum
184 3428 247 3463 est
281 3423 477 3476 ,Videtur
509 3424 717 3466 Charinus
749 3426 843 3479 plus
876 3425 1051 3466 dixisse:
1085 3425 1259 3466 Intm’ff.

2154 3494 2197 3527 ἓξ·
