2560 3699
313 362 379 402 De
410 359 560 401 eadem
592 374 637 400 re
670 361 811 414 agitur
842 361 895 401 ab
929 363 1092 401 (111010νο
1124 365 1324 403 tractatus
1353 363 1402 405 de
1432 368 1533 420 trag]-
1567 372 1603 410 εί
1631 384 1726 413 com.
1760 374 1830 427 (ef.
1863 376 1911 416 R.
1938 375 2116 415 Euanth.
2151 387 2188 426 p.
2212 371 2251 412 5.
2275 372 2328 412 22
2359 372 2471 426 sqq.)

109 428 172 469 his
205 428 361 469 verbis:
2489 463 2505 470 ,
2543 451 2547 454 ·

311 496 557 548 ,Comoedia
588 500 709 536 vetus
742 496 794 536 ab
827 497 944 537 initio
977 498 1125 538 chorus
1159 498 1239 539 fuit
1260 499 1546 555 paulatimque
1568 517 1840 558 personarum
1863 524 2036 550 numero
2073 510 2112 548 in
2135 508 2322 560 quinque
2353 511 2471 548 actus

107 564 324 617 processit:
357 564 416 604 ita
447 564 655 617 paulatim
692 564 810 604 velut
842 565 985 605 attrito
1017 569 1146 619 atque
1186 571 1419 608 extenuato
1451 569 1578 612 choro
1617 574 1669 614 ad
1701 590 1851 618 novam
1883 577 2141 618 comoediam
2173 575 2230 614 sic
2261 575 2469 628 pervenit¹

106 632 225 672 utin
257 646 308 673 ea
338 647 421 673 non
453 631 576 672 modo
609 646 692 672 non
731 631 957 672 inducatur
999 633 1150 674 chorus
1189 633 1263 675 sed
1303 648 1356 675 ne
1396 635 1510 678 locus
1547 641 1714 693 quidem
1751 645 1863 685 ullus
1905 646 1984 684 iam
2025 644 2285 695 relinquatur
2327 642 2469 683 choro.

104 714 212 741 nam
246 704 525 754 postquam
568 700 740 740 otioso
779 704 1014 754 tempore
1052 700 1360 743 fastidiosior
1391 711 1666 757 spectator
1697 712 1929 753 effectus
1962 716 2105 752 esset
2137 714 2329 758 ettum,
2361 723 2469 751 cum

104 768 165 809 ad
197 774 441 809 cantores
473 767 531 808 ab
563 767 839 808 actoribus
872 769 1056 809 fabula
1099 770 1379 818 transibat,
1420 785 1738 829 consurgere
1781 786 1828 820 et
1868 780 2014 820 abire
2058 778 2350 832 coepisset,
2399 777 2470 818 ad-

103 837 266 877 monuit
296 840 442 889 poetas
475 841 520 876 ut
552 836 686 889 primo
720 836 892 889 quidem
926 837 1074 878 choros
1106 838 1309 878 tollerent
1339 838 1477 880 locum
1507 843 1564 882 eis
1588 844 1883 899 relinquentes,
1918 856 1961 887 111
1995 846 2226 887 Menander
2260 845 2361 886 fecit
2392 845 2470 886 hac

104 905 156 945 de
188 919 326 956 causa,
359 919 442 945 non
475 909 520 944 ut
552 905 621 945 alii
656 905 900 945 existimant
934 905 1033 946 alia:
1067 910 1281 958 postremo
1314 920 1366 946 ne
1398 907 1535 949 locum
1557 912 1723 963 quidem
1744 916 2016 969 reliquerunt.
2051 914 2161 968 quod
2185 913 2327 954 Latini
2359 913 2471 955 fece-

103 977 201 1013 runt
232 973 392 1025 comici,
426 973 537 1013 unde
570 972 685 1025 apud
716 973 808 1013 illos
842 973 1041 1014 dirimere
1074 978 1193 1014 aetus
1225 974 1590 1029 quinquepartitos
1622 979 1790 1023 difficile
1824 983 1912 1024 est*

305 1041 519 1081 Donatmn
549 1041 701 1081 similia
733 1041 795 1092 iis,
842 1055 952 1094 quae
985 1055 1040 1081 ex
1078 1045 1262 1082 tractatu
1295 1042 1347 1082 de
1387 1048 1493 1097 trag.
1527 1050 1568 1085 et
1600 1060 1701 1089 eom.
1733 1051 1859 1091 allata
1905 1057 2012 1100 511111,
2060 1051 2111 1090 (10
2161 1049 2470 1102 distinguendis

101 1109 263 1150 actibus
294 1110 337 1150 in
369 1109 497 1150 libello
527 1110 597 1150 illo
629 1110 676 1150 de
708 1110 912 1150 comoedia
943 1110 1192 1163 exposuisse
1226 1111 1288 1151 his
1320 1112 1632 1162 praefationum
1661 1116 1757 1158 locis
1790 1119 2054 1171 intellegitur

308 1177 348 1231 1)
382 1178 424 1218 in
454 1178 564 1219 Eun.
597 1192 745 1219 comm.
778 1179 847 1226 (cf.
882 1178 932 1218 R.
968 1178 1120 1231 praeff.
1153 1192 1194 1232 p.
1231 1179 1294 1231 10,
1327 1179 1504 1233 6-10):

305 1246 452 1297 ,Actus
483 1260 583 1287 sane
616 1245 901 1300 inplicatiores
933 1250 1030 1286 sunt
1061 1247 1103 1286 in
1136 1261 1199 1297 ea,
1233 1251 1279 1287 ut
1301 1248 1372 1301 qui
1406 1262 1489 1289 non
1523 1250 1645 1291 facile
1677 1266 1699 1293 a
1719 1267 1867 1306 parum
1900 1254 2030 1294 (lectis
2063 1253 2266 1306 distingui
2298 1253 2469 1307 possint,

99 1313 194 1355 ideo
227 1314 326 1368 quia
357 1314 532 1355 tenendi
563 1314 813 1367 spectatoris
850 1328 977 1354 causa
1017 1315 1106 1354 vult
1139 1319 1265 1368 poeta
1296 1320 1439 1356 noster
1479 1331 1622 1358 omnes
1663 1321 1842 1375 quinque
1884 1328 2000 1362 1101115
2043 1321 2158 1361 velut
2196 1334 2324 1361 unum
2365 1321 2471 1373 fieri,

99 1396 160 1423 ne
199 1383 436 1436 respiret
475 1381 855 1436 quodammodo
896 1387 1053 1436 atque
1094 1382 1352 1424 distincta
1390 1385 1592 1425 alicubi
1629 1389 2032 1429 continuatione
2072 1388 2471 1429 succedentium

103 1464 277 1491 rerum
310 1454 433 1491 ante
466 1451 656 1491 aulaea
688 1451 900 1491 sublata
931 1449 1239 1492 fastidiosius
1273 1457 1552 1505 spectator
1584 1455 1830 1510 exurgat.'

305 1518 348 1570 2)
382 1522 424 1559 in
458 1519 640 1573 Adelph.
674 1533 825 1560 00111111.
860 1519 925 1565 (cf.
959 1519 1009 1559 R.
1043 1519 1193 1572 praeff.
1228 1534 1267 1573 p.
1302 1520 1341 1572 7,
1377 1520 1527 1572 1—5):

304 1585 408 1639 ,Hoc
440 1587 568 1627 etiam
601 1592 647 1627 ut
679 1592 822 1628 cetera
854 1587 1093 1627 huiusmodi
1128 1592 1326 1640 poemata
1358 1589 1546 1642 quinque
1569 1594 1682 1631 actus
1702 1591 1854 1632 habeat
1878 1605 2051 1631 necesse
2075 1598 2138 1632 est
2160 1593 2296 1633 choris
2319 1592 2473 1632 divisos

100 1669 125 1695 a
156 1654 331 1696 Graecis
362 1656 517 1709 poetis:
552 1670 655 1710 quos
689 1656 766 1696 etsi
799 1655 1011 1696 retinendi
1043 1670 1170 1697 causa
1203 1655 1318 1709 [iam]
1351 1656 1556 1697 inconditi
1577 1660 1817 1711 spectatoris
1850 1660 2019 1699 minime
2044 1659 2309 1713 distinguunt
2331 1659 2473 1700 Latini

100 1723 248 1763 comici
279 1728 573 1764 metuentes
604 1724 843 1774 scilicet,
877 1739 936 1764 110
959 1725 1073 1777 quis
1105 1723 1393 1765 fastidiosus
1417 1725 1577 1765 finito
1600 1730 1710 1766 actu
1741 1728 1886 1767 velut
1918 1727 2216 1767 admonitus
2238 1726 2475 1767 abeundi

99 1791 345 1845 reliquae
378 1792 679 1833 comoediae
712 1793 810 1833 fiat
842 1797 1175 1846 contemptor
1207 1797 1256 1833 et
1288 1798 1488 1846 surgat,
1521 1798 1658 1834 tamen
1687 1808 1710 1834 a
1732 1794 1863 1835 doctis
1896 1795 2110 1835 veteribus
2144 1795 2315 1836 discreti
2346 1800 2472 1848 atque

101 1858 298 1900 disiuncti
328 1864 437 1912 sunt,
469 1865 515 1900 ut
536 1874 635 1900 mox
668 1861 909 1914 aperiemus
942 1867 1036 1914 post
1068 1861 1312 1914 argumenti
1342 1860 1652 1902 narrationem.’

304 1927 411 1968 Cum
442 1929 635 1981 singulae
668 1930 904 1970 sententiae
945 1944 1040 1970 011111
1081 1943 1223 1969 10111111
1265 1933 1354 1969 111111
1392 1930 1648 1970 locutionum
1682 1931 1953 1971 similitudine
1993 1932 2102 1971 inter
2142 1945 2185 1971 se
2226 1933 2475 1983 congruant,

102 2000 319 2036 auctorem
351 2000 553 2037 tractatus
585 1996 636 2037 de
670 2000 777 2050 trag.
812 2002 854 2037 et
886 2011 990 2038 00111.
1025 1998 1184 2038 Donati
1216 1997 1408 2038 libellum
1441 1997 1492 2037 de
1526 1998 1736 2039 comoedia
1780 2000 1821 2039 in
1852 2014 1979 2039 manu
2020 1999 2216 2039 habuisse
2257 2001 2299 2039 et
2337 1998 2477 2039 locum

102 2063 154 2105 de
187 2068 352 2105 actuum
386 2064 590 2105 divisione
624 2079 678 2104 ex
712 2079 761 2105 00
794 2066 993 2119 petivisse
1026 2065 1323 2105 coniciendum
1356 2070 1430 2106 est.

303 2131 369 2172 Ex
401 2133 573 2185 reliquis
605 2133 838 2183 sententiis,
873 2148 981 2187 quae
1015 2134 1056 2173 in
1089 2138 1273 2174 tractatu
1306 2133 1358 2174 de
1390 2138 1497 2187 trag.
1524 2138 1564 2174 et
1587 2148 1685 2174 com.
1717 2135 1930 2187 leguntur,
1964 2139 2062 2188 apte
2096 2147 2191 2174 cum
2223 2133 2479 2187 quibusdam

98 2199 257 2240 Donati
288 2200 601 2254 praefationum
633 2201 990 2254 explicationibus
1022 2202 1254 2255 praecipue
1287 2206 1462 2255 propter
1495 2216 1636 2242 rerum
1665 2202 1978 2243 similitudinem
2011 2203 2090 2242 hae
2123 2201 2427 2242 conferuntur:

769 2315 800 2355 I.
864 2316 929 2356 Dc
962 2316 1152 2368 personis
1186 2315 1416 2369 protaticis,
1451 2330 1559 2369 quae
1593 2315 1805 2356 dicuntur:

100 2392 262 2433 Auctor
284 2397 486 2434 tractatus
510 2394 561 2435 de
584 2399 691 2449 trag.
716 2400 758 2435 et
780 2409 884 2435 com.
910 2395 975 2435 les.
996 2394 1046 2435 R.
1072 2394 1256 2435 Euanth.
1753 2394 1944 2434 Donatus
1975 2395 2054 2434 sic:

485 2476 522 2516 P·
557 2463 596 2515 6>
629 2463 757 2515 7-·9)
790 2464 868 2504 3163
1372 2474 1412 2524 1)
1445 2474 1648 2525 ,Persona
1690 2474 1895 2527 protatica
1942 2488 1992 2513 ea
2037 2472 2319 2525 intellegitur,
2371 2485 2481 2525 quae

212 2539 294 2591 ,Ad
326 2541 404 2581 hoc
435 2542 661 2597 προτκτικᾶ.
689 2544 875 2598 πρὸςωπκ
908 2543 949 2583 1(1
973 2548 1035 2584 051
1057 2558 1258 2597 personas
1445 2542 1576 2582 semel
1596 2541 1763 2582 inducta
1795 2541 1835 2580 in
1858 2541 2065 2593 principio
2098 2540 2269 2581 fabulae
2291 2540 2334 2580 in
2356 2539 2482 2580 nullis

100 2611 219 2648 extra
250 2614 546 2661 argumentum
579 2612 804 2652 accersitas
846 2626 930 2652 non
970 2612 1094 2653 facile
1127 2613 1258 2653 ceteri
1443 2610 1641 2663 deinceps
1679 2609 1848 2649 fabulae
1889 2609 2079 2662 partibus
2111 2607 2365 2649 adhibetur'.
2413 2607 2479 2654 (Cf-

98 2673 275 2716 habent:
322 2677 473 2730 quibus
505 2678 731 2719 Terentius
770 2693 897 2732 saepe
930 2680 1074 2731 utitur,
1105 2685 1150 2721 ut
1183 2696 1259 2735 per
1445 2678 1578 2731 praef.
1611 2677 1740 2718 Andr.
1774 2677 1824 2717 R.
1858 2691 1896 2730 p.
1930 2678 1967 2726 4,
2000 2675 2130 2729 4ffl5)

99 2741 249 2785 harum
280 2745 545 2788 inductiones
587 2747 712 2788 facile
744 2752 888 2801 pateat
929 2748 1256 2802 argumentum)
1369 2748 1410 2796 2)
1444 2745 1755 2799 ,Adnotandum
1788 2759 1901 2795 sane,
1935 2744 2048 2797 quod
2079 2745 2185 2785 haec
2216 2743 2362 2784 fabula
2391 2757 2482 2798 προ-

1443 2813 1607 2853 ezerr-ov
1637 2813 1843 2868 πρόσωπον
1876 2827 1957 2853 non
1990 2811 2130 2863 habet,
2163 2812 2242 2852 hoc
2274 2815 2349 2863 est,
2389 2824 2483 2864 per-

1443 2896 1601 2934 sonam,
1634 2894 1741 2935 quae
1763 2880 1816 2920 ad
1838 2885 2136 2933 argumentum
2157 2879 2263 2919 nihil
2292 2880 2482 2927 attineat,

1443 2963 1636 3003 quaeque
1673 2949 1725 2990 sit
1764 2954 1978 3002 assumpta
2016 2949 2295 2996 extrinsecus,
2334 2950 2381 2985 ut
2422 2949 2485 2986 est

1442 3019 1484 3058 in
1531 3017 1686 3058 Andria
1732 3015 1874 3057 Sosia'.
1926 3016 1995 3065 (cf.
2029 3017 2163 3069 praef.
2213 3013 2397 3067 Adelph.
2430 3013 2481 3054 R.

1442 3100 1481 3139 p.
1516 3087 1554 3139 7,
1590 3085 1766 3127 15—16>

1365 3153 1411 3206 3)
1448 3151 1681 3209 ,προτατικά
1712 3152 1905 3207 πρόσωπα.
1944 3151 1986 3192 1(1
2028 3155 2091 3192 051
2122 3164 2330 3205 personae
2362 3153 2486 3190 extra

1440 3223 1737 3275 argumentum
1768 3219 1876 3261 duae
1899 3223 2008 3269 sunt,
2041 3218 2266 3259 Philotidis
2288 3222 2330 3258 et
2351 3216 2486 3270 Syrae

1443 3322 1450 3328 .
1476 3322 1483 3330 .
1510 3323 1516 3329 .
1542 3321 1550 3329 .
1573 3294 1619 3330 ut
1648 3301 1723 3342 per
1755 3289 1905 3328 harum
1926 3302 2129 3342 personas
2153 3319 2160 3326 .
2188 3320 2195 3328 .
2223 3318 2231 3325 .
2256 3297 2488 3338 argumen-

1440 3362 1531 3398 tum
1572 3359 1784 3411 spectator
1817 3355 1977 3397 discat'.
2025 3356 2093 3405 (cf.
2127 3353 2262 3409 praef.
2295 3352 2401 3394 Hec.
2434 3351 2485 3392 R.

1442 3441 1481 3480 p.
1518 3426 1582 3479 12,
1615 3425 1687 3476 213
1721 3439 1760 3478 p.
1797 3424 1862 3476 13,
1894 3423 1938 3477 4)
