2560 3699
1180 240 1429 278 ,6-

316 365 395 405 His
428 364 566 404 verbis
598 364 848 416 praesertim
880 376 975 403 cum
1006 365 1238 415 sententia,
1286 378 1393 418 quae
1433 364 1725 417 subiungitur,
1772 364 1945 418 incipiat
1982 366 2215 417 ,comoedia
2247 373 2368 410 vetus
2399 368 2493 411 etc.’

114 437 337 474 tractatum
369 431 617 484 inscriptum
649 430 776 470 fuisse
808 431 915 471 sieut
946 431 1104 472 Donati
1135 432 1325 472 libellum
1360 433 1420 481 ,dc
1451 431 1667 472 comocdz'a'
1700 432 1927 472 verisimile
1959 433 2015 474 fit.

313 498 683 549 Rcifferscheidio,
731 499 801 551 qui
840 498 943 539 duas
982 499 1024 539 in
1064 513 1113 540 eo
1155 504 1297 552 partes
1336 501 1473 540 inesse
1514 500 1624 540 inter
1665 513 1709 540 sc
1755 500 1914 540 alienas
1946 502 2164 542 contendit
2203 502 2274 556 (cf.
2308 502 2491 544 Euanth.

112 583 150 622 p.
176 569 220 619 2)
254 567 305 608 ob
337 580 514 619 eamque
546 580 636 606 rem
667 566 849 606 auctoris
881 581 1035 607 nomen
1066 568 1297 609 inscribere
1330 569 1477 619 noluit,
1511 582 1590 621 ego
1621 582 1705 608 11011
1737 567 1952 608 assentior.
2007 568 2186 611 Disserit
2215 570 2327 612 enim
2349 575 2495 611 auctor

111 636 290 689 primum
323 634 374 674 de
406 635 579 687 antiqua
601 633 831 686 comoedia,
865 648 992 687 quam
1023 635 1184 687 ,drama
1205 636 1417 689 satyricon
1439 636 1508 676 vel
1529 635 1670 677 satira'
1703 636 1941 687 exceperit3
1975 637 2131 690 ,pergit
2154 637 2328 679 deinde:
2360 639 2495 680 coacti

110 703 304 743 omittere
335 703 507 742 satiram
539 701 652 741 aliud
684 715 819 754 genus
851 703 1046 744 carminis
1079 703 1168 742 vz'zv
1200 697 1416 758 7.(,1μῳδζκν
1450 736 1672 745 ......
1706 718 1936 757 repperere
1970 709 2136 758 poetae,
2169 718 2278 758 quae
2310 737 2492 747 .....

108 770 335 823 praecipue
366 770 585 810 Menandri
621 769 896 823 Terentiique
929 770 1018 811 est⁷.
1072 771 1181 812 Tum
1213 772 1404 825 pluribus
1439 771 1489 812 (10
1513 772 1701 813 Terentii
1732 772 1957 812 virtutibus
1990 772 2179 826 disputat
2206 773 2332 814 ethis
2353 773 2493 815 verbis

108 837 161 878 ad
206 838 391 892 singulas
437 836 680 877 comoediae
727 839 890 890 species
937 839 1237 880 describendas
1284 841 1530 881 revertitur:
1579 840 1705 892 ,Illud
1753 854 1852 880 vero
1892 840 2124 881 tenendum
2163 845 2225 881 est
2270 845 2362 894 post
2403 840 2493 881 νέαν

108 900 322 961 κωμῳδίκν
345 905 519 945 Latinos
551 906 683 945 multa
714 920 875 958 genera
907 906 1149 947 fabularum
1180 907 1418 960 protulisse'
1450 914 1491 948 et
1514 913 1695 962 excepta
1717 909 1890 962 palliata
1912 909 1995 948 iam
2016 908 2182 950 fabulas
2204 908 2494 951 Romanorum

107 973 298 1027 proprias
331 972 533 1026 (togatas,
574 978 887 1027 praetextatas,
926 974 1178 1025 Attellanas,
1222 975 1542 1027 Rhinthonicas,
1585 977 1859 1022 tabernarias,
1900 976 2062 1023 mimos)
2104 981 2336 1018 enumerat.
2398 977 2493 1019 Hoc

107 1041 230 1082 modo
263 1041 297 1081 si
327 1041 562 1081 sententiae
596 1041 924 1093 coniunguntur,
958 1042 1088 1082 verba
1120 1041 1244 1093 ,Illud
1276 1057 1376 1082 vero
1409 1043 1641 1083 tenendum
1673 1048 1735 1084 est
1767 1043 1860 1084 etc’
1894 1043 2007 1098 quod
2039 1043 2420 1086 Reifferscheidius
2451 1046 2494 1086 in

110 1109 284 1150 dubium
314 1114 449 1161 vocat,
483 1114 581 1163 apte
614 1123 709 1150 cum
740 1108 1090 1150 antecedentibus
1122 1110 1364 1150 cohaerent.

315 1179 593 1218 (somnwntmn
626 1176 674 1217 (Ζο
705 1177 911 1217 comoedica
943 1177 1055 1230 quod
1088 1182 1263 1219 vocatur
1295 1179 1347 1219 ad
1380 1193 1512 1219 unum
1544 1178 1670 1231 vulgo
1703 1182 1919 1218 auctorem
1953 1181 2145 1220 refertur.
2194 1179 2243 1220 In
2267 1180 2371 1221 duas
2393 1194 2492 1222 vero

105 1250 246 1299 partes
278 1245 387 1285 inter
419 1259 462 1286 se
494 1245 654 1286 alienas
687 1246 1014 1296 enarr-rationes,
1057 1260 1166 1299 quae
1200 1250 1275 1287 hoc
1307 1247 1477 1287 nomine
1510 1246 1940 1300 comprehenduntur,
1983 1247 2252 1289 dissecandas
2284 1262 2375 1289 esse
2408 1248 2494 1289 edi-

106 1317 219 1353 tores
251 1327 335 1353 non
366 1318 633 1354 monuerunt.
695 1313 818 1354 Nova
851 1314 962 1354 enim
985 1318 1026 1354 et
1048 1314 1100 1354 ab
1124 1315 1476 1355 antecedentibus
1499 1314 1667 1355 diversa
1690 1314 1988 1355 commentatio
2016 1315 2079 1355 his
2101 1315 2240 1356 verbis
2262 1317 2494 1358 instituitur

109 1381 178 1434 (cf.
211 1382 263 1422 R.
298 1381 482 1422 Euanth.
515 1394 554 1435 p.
578 1381 616 1425 9.
651 1382 702 1421 ‘21
737 1384 870 1435 sqq.):
920 1381 1100 1433 ,Fabula
1131 1384 1333 1436 generale
1366 1397 1520 1423 nomen
1553 1387 1635 1423 est:
1670 1383 1759 1422 eius
1791 1382 1900 1423 duae
1925 1383 2085 1436 primae
2109 1387 2252 1437 partes
2273 1384 2494 1438 tragoedia

107 1455 148 1491 et
170 1450 388 1491 comoedia
419 1448 513 1490 etc.'
575 1449 693 1496 Quae
726 1450 858 1490 verba
889 1450 1098 1503 quomodo
1133 1465 1227 1491 cum
1258 1451 1547 1504 superioribus
1580 1451 1856 1501 cohaereant,
1897 1465 2068 1504 prorsus
2101 1465 2184 1491 non
2215 1451 2488 1505 intellegitur.

105 1518 156 1559 In
186 1518 327 1572 priore
360 1518 497 1571 capite
530 1517 877 1570 conglutinantur
908 1518 1119 1570 quaedam
1151 1523 1343 1559 veterum
1377 1523 1597 1559 auctorum
1630 1519 1681 1560 dc
1715 1518 1934 1559 comoedia
1964 1523 2006 1558 et
2027 1519 2276 1572 tragoediae
2297 1520 2493 1571 notitiae3

106 1590 193 1627 toto
224 1590 365 1626 autem
398 1599 556 1640 genere
598 1585 766 1627 dicendi
808 1586 1081 1639 ridiculisque
1115 1587 1367 1640 quibusdam
1399 1587 1618 1628 sententiis
1651 1587 1819 1640 saepius
1851 1587 2044 1626 immistis
2077 1586 2146 1636 (cf.
2179 1587 2206 1627 l.
2238 1587 2262 1626 l.
2297 1599 2336 1640 p.
2369 1588 2407 1635 8,
2444 1587 2494 1628 19

105 1669 215 1708 sqq:
259 1654 558 1706 ,Athenienses
590 1686 598 1693 .
632 1686 639 1693 .
677 1687 685 1694 .
717 1655 759 1694 in
791 1655 904 1695 vicos
951 1659 992 1694 et
1032 1655 1216 1708 compita
1257 1668 1311 1695 ex
1344 1655 1536 1695 omnibus
1568 1655 1669 1695 locis
1702 1655 1796 1695 chte'
1828 1656 2065 1705 alacresque
2096 1653 2338 1695 veniebant'
2362 1681 2415 1685 —
2437 1655 2492 1696 ib.

107 1723 225 1775 ,haec
247 1726 389 1763 autem
411 1722 597 1762 carmina
627 1722 668 1762 ἰη
692 1723 833 1774 pratis
862 1723 1051 1763 mollibus
1073 1723 1257 1776 primum
1279 1722 1549 1776 agebantui·')
1574 1723 1824 1776 magistrum
1847 1723 2234 1763 recentissimorum
2255 1726 2496 1776 temporum

105 1791 214 1832 hanc
253 1790 565 1831 enarrationem
604 1791 901 1845 conscripsisse
944 1791 1227 1832 confirmatur.
1291 1791 1459 1831 Finitur
1498 1792 1574 1831 hoc
1616 1796 1743 1844 caput
1784 1791 1953 1831 Horatii
1990 1805 2054 1830 vv.
2088 1791 2140 1830 A.
2174 1790 2222 1831 P.
2256 1789 2494 1843 275—288,

107 1859 257 1913 quibus
295 1862 422 1911 poeta
459 1858 705 1912 tragoediae
746 1863 787 1899 ct
829 1859 1074 1900 comoediae
1108 1860 1293 1913 origines
1327 1859 1572 1900 brevissime
1611 1864 1652 1899 et
1684 1859 1899 1912 aptissime
1932 1858 2144 1899 describit.
2205 1858 2337 1899 Plura
2367 1859 2496 1900 etiam

110 1941 236 1981 quam
269 1926 390 1967 nobis
421 1926 569 1967 relicta
600 1931 697 1967 sunt
727 1941 828 1966 num
862 1931 1008 1967 auctor
1041 1928 1302 1979 disseruerit,
1337 1927 1558 1967 diiudicari
1590 1941 1672 1968 non
1705 1931 1855 1980 potest.

308 1994 506 2035 Alterum
544 1999 671 2048 caput
711 1994 891 2045 ,Fabula
933 1996 1136 2049 generale
1177 2010 1331 2037 nomen
1364 1995 1456 2036 etc.'
1498 1996 1666 2036 Donato
1706 1994 2025 2036 attribuendum
2065 1999 2146 2046 est;
2194 1994 2237 2034 in
2272 1993 2352 2035 hoc
2383 1995 2496 2035 enim

106 2064 264 2116 legitur
295 2066 493 2103 accurata
524 2063 596 2103 illa
628 2064 839 2104 enarratio
874 2064 925 2104 (10
957 2065 1134 2118 5111811115
1167 2064 1411 2104 comoediae
1444 2064 1655 2117 partibus,
1693 2063 1811 2103 cuius
1843 2063 2035 2103 Donatus
2066 2063 2109 2102 in
2141 2062 2275 2116 praef.
2307 2062 2493 2116 Adelph.

107 2145 254 2172 00111111.
289 2131 357 2184 (cf.
393 2145 431 2185 p.
466 2130 510 2182 3)
551 2132 810 2172 mentionem
857 2132 977 2173 facit:
1040 2133 1286 2179 ,Comoedia
1327 2136 1470 2172 autem
1510 2131 1710 2171 dividitur
1748 2132 1790 2171 in
1833 2135 2013 2183 quatuor
2055 2134 2216 2184 partes,
2258 2130 2496 2184 prologum,

108 2200 315 2253 protasin,
357 2199 555 2252 epitasin,
596 2201 895 2253 catastrophen
927 2200 1019 2240 0(οῨ
1053 2201 1123 2254 (ef.
1158 2201 1208 2241 R.
1243 2200 1427 2241 Euanth.
1462 2214 1500 2253 p.
1540 2201 1600 2251 10,
1634 2201 1658 2241 8
1691 2201 1816 2253 sqq),
1856 2204 2081 2251 praeterea
2121 2198 2250 2247 aliae,
2300 2198 2354 2238 ad
2392 2212 2496 2252 quas

110 2267 423 2320 praefationum
455 2267 760 2321 explicationes
793 2269 952 2322 optime
985 2269 1328 2309 accommodatae
1361 2273 1469 2308 sunt.
1524 2268 1591 2308 Sic
1614 2268 1808 2308 Donatus
1840 2267 2008 2320 saepius
2040 2267 2091 2307 de
2124 2266 2340 2306 titulorum
2371 2265 2494 2306 fabu-

107 2335 245 2376 larum
275 2336 482 2376 varietate
515 2335 714 2389 disputat,
748 2351 782 2376 e.
817 2351 879 2390 gr.
915 2337 956 2376 in
989 2338 1123 2390 praef.
1157 2337 1291 2377 Andr.
1326 2350 1474 2376 comm.
1509 2336 1577 2388 (01.
1612 2336 1662 2376 R.
1698 2335 1847 2389 pracff.
1882 2349 1920 2388 p.
1945 2334 1984 2385 3,
2021 2333 2090 2385 15)
2124 2333 2495 2387 ,pronuntiataque

109 2408 170 2444 est
199 2403 364 2444 Andria
396 2403 571 2444 Terenti
613 2404 665 2444 ob
705 2404 967 2457 incognitum
1010 2405 1147 2446 adhuc
1191 2419 1344 2445 nomen
1384 2409 1536 2457 poetae
1571 2408 1612 2443 et
1649 2403 1821 2444 minoris
1853 2402 1967 2456 apud
1999 2402 2203 2456 populum
2234 2401 2496 2441 auctoritatis

111 2476 151 2511 et
182 2471 355 2523 meriti’,
390 2485 472 2525 qua
504 2471 555 2511 de
588 2485 633 2512 re
666 2472 707 2511 in
741 2473 817 2512 hoc
851 2473 989 2526 capite
1021 2474 1079 2514 sic
1111 2474 1250 2526 agitur
1284 2473 1351 2522 (cf.
1374 2472 1426 2512 R.
1452 2471 1635 2512 Euanth.
1659 2485 1700 2524 p.
1728 2472 1790 2514 11„
1818 2469 1967 2522 l——6'):
2001 2469 2064 2521 ,In
2096 2468 2309 2522 plerisque
2342 2468 2496 2509 fabulis

110 2540 250 2592 priora
296 2539 563 2592 ponebantur
602 2540 789 2593 ipsarum
830 2541 1002 2581 nomina
1040 2556 1167 2594 quam
1208 2546 1451 2593 poctarum,
1498 2540 1539 2579 in
1583 2539 1795 2580 nonnullis
1828 2544 2049 2592 poetarum
2081 2550 2208 2589 quam
2239 2535 2493 2577 fabularum.

112 2606 228 2646 cuius
269 2608 394 2647 moris
434 2607 723 2648 diversitatem
762 2608 990 2661 antiquitas
1030 2609 1193 2661 probat.
1256 2622 1352 2648 nam
1385 2621 1481 2647 cum
1512 2608 1694 2660 primum
1728 2607 1857 2658 aliqui
1889 2604 2054 2645 fabulas
2087 2603 2277 2656 ederent,
2309 2604 2496 2657 ipsarum

114 2675 281 2715 nomina
313 2675 696 2728 pronuntiabantur
725 2680 954 2728 antequam
978 2680 1129 2728 poetae
1152 2676 1514 2728 pronuntiaretur,
1546 2688 1598 2715 ne
1622 2674 1766 2726 aliqua
1787 2672 1946 2713 invidia
1968 2672 2020 2712 ab
2042 2671 2266 2712 scribendo
2289 2671 2513 2719 deterreri¹

114 2747 264 2794 posset.
315 2757 408 2783 cum
440 2748 582 2783 autem
614 2756 690 2795 per
722 2743 951 2784 editionem
982 2744 1212 2783 multarum
1243 2748 1394 2796 poetae
1427 2743 1509 2782 iam
1541 2747 1650 2782 esset
1683 2741 1910 2781 auctoritas
1933 2740 2156 2793 adquisita,
2189 2753 2332 2779 rursus
2353 2739 2497 2792 priora

115 2811 283 2850 nomina
312 2816 533 2863 poetarum
563 2811 906 2865 proferebantur,
939 2816 984 2852 ut
1016 2826 1092 2865 per
1125 2812 1313 2864 ipsorum
1344 2810 1552 2851 vocabula
1574 2809 1728 2850 fabulis
1751 2809 1927 2849 attentio
1949 2805 2275 2862 adquireretur.’
2332 2805 2497 2847 Eodem

115 2877 236 2917 modo
267 2878 376 2918 inter
408 2892 451 2918 se
484 2884 736 2932 congruunt,
779 2893 888 2933 quae
922 2879 973 2920 de
1005 2879 1245 2920 nominibus
1277 2879 1518 2919 fabularum
1551 2878 1620 2927 (cf.
1653 2877 1802 2931 praeff.
1836 2891 1876 2931 p.
1909 2877 1948 2928 3,
1985 2879 2019 2928 1,
2051 2889 2090 2928 p.
2124 2875 2163 2926 6,
2198 2874 2262 2926 17,
2296 2888 2336 2928 p.
2369 2874 2408 2926 9,
2441 2874 2497 2914 20

116 2948 158 2983 et
187 2943 368 2984 Euanth.
403 2958 442 2998 p.
478 2947 541 2998 10,
573 2945 702 2999 2—3)
742 2952 784 2987 et
822 2947 874 2987 de
915 2962 960 2988 re
999 2948 1159 2988 musica
1200 2948 1268 2996 (cf.
1304 2946 1452 3000 praeff.
1486 2960 1525 2999 p.
1559 2946 1597 2997 7,
1634 2946 1732 2985 11οῗ
1748 2945 1798 2984 13
1831 2950 1872 2985 et
1904 2944 2089 2985 Euanth.
2121 2958 2160 2997 p.
2198 2943 2262 2992 12,
2299 2941 2367 2994 14)
2400 2955 2495 2994 pro-

117 3010 320 3052 feruntur.
382 3013 530 3054 Totam
569 3020 711 3055 autem
753 3016 1152 3056 commentationem
1183 3015 1496 3068 perturbatam,
1537 3014 1825 3063 dilaceratam,
1866 3013 2111 3053 lacunosam
2146 3010 2266 3051 nobis
2305 3010 2496 3050 relictam

118 3091 207 3118 esse
239 3079 372 3131 primo
405 3087 576 3132 aspectu
608 3083 766 3132 elucet,
814 3097 923 3135 quae
956 3083 1007 3124 de
1039 3084 1215 3136 singulis
1257 3083 1420 3124 actibus
1452 3081 1761 3135 distinguendis
1793 3080 1986 3121 Donatus
2018 3079 2328 3133 disputaverat,
2370 3077 2495 3130 plane

119 3145 346 3197 perierunt.
408 3147 569 3188 Tamen
609 3163 662 3189 ex
702 3150 779 3190 hoe
818 3151 1056 3202 fragmento
1096 3152 1196 3191 satis
1239 3151 1431 3204 intellegi
1472 3154 1629 3203 potest,
1670 3149 1720 3189 de
1758 3148 1910 3201 quibus
1942 3147 2070 3188 rebus
2102 3160 2184 3200 quo
2217 3145 2364 3186 ordine
2395 3158 2496 3184 usus

120 3211 310 3252 Donatus
341 3214 506 3266 integro
546 3216 615 3256 illo
657 3216 797 3257 libello
838 3216 1095 3258 disseruerit.
1157 3218 1213 3258 Et
1244 3219 1412 3259 videtur
1445 3218 1592 3258 doctus
1623 3217 1694 3257 ille
1726 3216 1928 3269 magister
1958 3215 2098 3268 priore
2130 3214 2254 3254 huius
2287 3226 2497 3254 commen-

122 3278 288 3318 tationis
319 3284 437 3332 parte
470 3281 521 3321 de
554 3283 715 3334 origine
747 3284 993 3336 tragoediae
1026 3291 1068 3325 et
1099 3286 1364 3336 comoediae,
1412 3285 1464 3326 de
1504 3285 1630 3325 variis
1670 3283 1984 3324 comoediarum
2025 3282 2191 3332 formis,
2238 3281 2291 3322 de
2321 3280 2497 3334 singulis

125 3346 363 3386 comoediae
407 3349 596 3399 partibus
641 3357 894 3404 actuumque
942 3352 1145 3393 divisione
1194 3355 1352 3406 egisse,
1400 3354 1534 3394 altera
1573 3357 1694 3405 parte
1734 3351 2078 3401 didascaliarum,
2126 3363 2236 3403 quae
2277 3352 2495 3399 vocantur,

125 3412 327 3453 rationem
373 3414 431 3454 ita
476 3416 723 3461 illustrasse,
770 3427 815 3458 ut
865 3420 1047 3471 primum
1086 3420 1138 3460 (10
1185 3421 1316 3461 titulis
1357 3420 1672 3461 comoediarum
1713 3418 1780 3472 (cf.
1814 3420 1840 3459 l.
1873 3420 1898 3458 l.
1934 3433 1973 3472 p.
2010 3418 2074 3470 10,
2106 3418 2130 3457 2
2163 3430 2251 3470 sqq·
2295 3416 2498 3465 ‚omnium
