2560 3699
1085 266 1364 307 —15—

33 398 315 453 posterius.
376 395 546 436 Etenim
579 398 656 434 etc.
692 416 742 420 —
775 390 862 432 Iam
895 393 936 432 in
968 392 1017 432 iis
1050 406 1158 446 quae
1190 396 1425 446 sequuntur
1459 392 1724 433 desideratur
1755 393 1963 446 particula
2003 392 2112 446 ,non'
2153 397 2251 434 ante
2282 395 2416 437 verba

43 470 154 524 ‚satis
186 469 264 508 hoc
295 462 452 518 grave'‚
485 475 579 502 cum
611 474 783 501 severus
815 464 938 513 pater
970 461 1097 500 etiam
1129 461 1326 514 graviora
1358 460 1500 501 dicere
1532 460 1662 513 malit,
1703 460 1776 501 sed
1819 461 2008 502 oratione
2040 461 2232 502 Micionis
2273 461 2416 504 fratris

42 538 104 579 sui
136 538 304 577 coactus
335 530 564 571 reticuerit.
611 529 789 568 Frustra
821 527 974 568 deinde
1008 528 1190 569 editores
1212 529 1512 582 corruptelam,
1545 529 1718 582 quaein
1741 528 1871 569 verbo
1905 528 2087 581 ,arctius’
2120 530 2242 579 inest,
2264 543 2415 571 sanare

41 603 179 646 conati
209 603 319 641 sunt.
380 598 485 639 Mihi
516 596 684 636 videtur
714 595 945 648 legendum
977 610 1068 637 esse
1100 610 1177 646 pro
1209 599 1266 648 ,et
1296 595 1490 637 arctius’:
1524 601 1573 637 et
1603 600 1760 650 urget
1791 596 1869 636 ius
1900 610 1954 637 sc.
1988 609 2032 637 se
2054 597 2251 650 graviora
2272 596 2416 638 dicere

38 683 174 725 posse,
221 668 320 721 quia
365 670 487 719 pater
533 670 606 705 est.
669 663 758 716 (Cf.
791 664 920 703 schol.
954 663 1007 704 ad
1039 664 1224 718 Adelph.
1258 663 1287 703 I.
1322 665 1356 704 1.
1381 665 1405 703 2
1455 663 1549 705 Non
1588 677 1749 704 necesse
1779 664 1903 704 liabeo
1935 664 2074 704 omnia
2097 677 2178 715 pro
2208 678 2294 705 meo
2325 664 2417 706 iure

38 736 170 791 affere]
205 767 244 776 ..
271 766 279 773 .
304 765 312 772 .
345 733 460 786 Ergo
493 733 559 772 hic
581 745 727 772 sensus
759 735 843 771 est:
876 731 972 772 Non
1003 745 1177 773 necesse
1210 737 1284 784 est,
1319 733 1447 773 etiam
1478 734 1512 774 si
1542 733 1680 782 liceat,
1712 746 1886 772 saevum
1918 746 2009 772 esse
2032 736 2211 786 patrem,
2243 736 2286 773 et
2308 733 2416 773 mire

40 803 224 846 ostendit
253 803 317 842 ius
349 815 470 841 suum
501 801 580 841 nisi
612 799 866 841 necessitate
897 814 979 840 non
1014 813 1104 840 esse
1137 800 1426 853 servandum.)
1488 800 1643 841 Totum
1680 800 1818 840 locum
1851 813 1952 853 ergo
1985 801 2043 840 sic
2075 798 2274 841 emendo:
2305 799 2416 841 Nolo

37 873 78 913 m
94 869 423 923 illumyravius]
457 868 628 909 Scilicet
645 881 771 921 quam
788 867 886 907 hoc:
911 867 1021 908 Iste
1043 871 1159 908 tuus
1179 869 1289 920 ipse
1310 868 1492 908 sentiet
1510 869 1787 919 posterius.
1817 867 1988 908 Etenim
2006 867 2171 908 Demea
2191 881 2293 908 non
2315 868 2416 909 satis

35 941 113 981 hoc
144 951 275 993 grave
307 937 522 978 existimat
553 936 711 976 dictum
742 935 785 975 in
809 949 918 988 eum,
952 936 1023 989 qui
1044 949 1127 976 non
1149 936 1373 987 provideat
1394 936 1436 976 in
1458 936 1662 988 futurum,
1695 940 1737 976 et
1767 939 1911 987 πενθεῖ
1940 936 2042 988 ius,
2076 936 2175 989 quia
2196 940 2317 990 pater
2338 940 2416 977 est.

954 1014 1140 1068 Adelph,
1173 1012 1250 1055 ΙΠ.
1272 1015 1311 1054 4.
1340 1014 1388 1053 12
1411 1028 1500 1068 sqq.

612 1083 656 1124 Si
688 1081 847 1123 deseris
878 1087 938 1134 tu,
970 1083 1184 1136 periimus.
1223 1081 1238 1135 Η
1276 1081 1391 1123 Cave
1424 1082 1595 1122 dixeris.

609 1151 760 1205 Neque
794 1150 947 1191 faciam
977 1164 1117 1204 neque
1148 1163 1216 1191 me
1248 1151 1348 1191 satis
1379 1150 1449 1204 pie
1482 1164 1604 1203 posse
1636 1150 1830 1191 arbitror.

237 1220 284 1261 Si
316 1220 469 1262 deseris
501 1223 563 1272 tu,
598 1218 833 1271 periimus]
895 1217 952 1258 Et
983 1218 1081 1258 huic
1113 1219 1174 1259 rei
1206 1219 1391 1258 maxime
1424 1218 1655 1271 respondet
1686 1218 1882 1270 oratorie,
1924 1231 2033 1271 quae
2072 1217 2190 1258 illum
2228 1219 2416 1259 maxime

34 1290 270 1332 commovit.
331 1289 408 1330 Ut:
457 1287 526 1328 En
564 1300 632 1339 eye
670 1287 780 1327 victa
810 1286 904 1326 situ.
938 1311 989 1315 —
1023 1286 1098 1326 Et:
1139 1286 1297 1327 Pulsus
1327 1286 1429 1339 690?
1458 1312 1511 1316 —<
1542 1286 1627 1326 Alii
1659 1286 1753 1341 πρὸς
1784 1285 1830 1324 τὸ
1854 1286 2060 1337 perdimus
2090 1290 2147 1337 τῷ
2181 1287 2415 1343 εὐφημισμῷ

32 1372 282 1412 responsum
314 1361 476 1411 putant.

235 1425 374 1478 Lege:
422 1424 469 1465 st
509 1423 663 1464 deseris
700 1426 762 1472 tu,
801 1422 1037 1475 periimus]
1099 1422 1177 1463 Ut:
1225 1422 1295 1463 En
1333 1436 1402 1476 eqo
1440 1422 1548 1462 vetem
1584 1423 1668 1463 situ
1698 1447 1750 1450 —
1784 1425 1837 1463 et:
1880 1420 2038 1462 Pulsus
2076 1420 2181 1474 eqo?
2224 1448 2272 1452 —
2307 1420 2418 1463 Cave

35 1493 220 1547 dixeris]
282 1493 338 1533 Et
368 1493 465 1533 huic
496 1492 560 1532 rei
591 1496 669 1532 etc.
733 1491 813 1531 Alii
844 1490 936 1546 πρὸς
968 1491 1013 1530 τὸ
1047 1492 1250 1544 periimus
1283 1524 1290 1531 .
1316 1523 1324 1530 .
1351 1525 1358 1531 .
1383 1524 1391 1532 .
1424 1494 1587 1545 putant.

1032 1570 1139 1611 Hec.
1174 1571 1278 1625 prol.
1316 1575 1349 1610 1.
1384 1572 1422 1611 8.

702 1639 822 1679 Alias
855 1639 1069 1692 cognostis
1103 1640 1205 1687 eius,
1239 1652 1397 1693 quaeso
1430 1638 1537 1679 hanc
1568 1638 1739 1679 noscite.

235 1706 375 1764 Eme]
437 1708 612 1749 Poetae.
675 1707 804 1755 Quasi
836 1707 942 1747 haec
974 1707 1144 1747 omnino
1177 1720 1261 1747 non
1292 1711 1391 1747 nota
1422 1707 1486 1746 sit.
1546 1707 1605 1747 At
1635 1707 1677 1747 in
1709 1706 1874 1747 Andria
1906 1709 1984 1746 etc.

237 1776 382 1831 Lege:
416 1776 554 1829 Eius]
602 1776 776 1817 Poetae.
810 1801 863 1805 -—
899 1772 1061 1824 Quaeso
1093 1774 1197 1814 harre
1227 1774 1409 1828 noscite]
1460 1774 1589 1822 Quasi
1620 1775 1725 1815 haec
1757 1779 1834 1815 etc.

1054 1854 1160 1895 Hec.
1184 1854 1238 1895 V.
1265 1857 1299 1906 1,
1326 1855 1388 1895 17.

838 1922 982 1964 Meum
1014 1927 1207 1976 receptas
1237 1923 1369 1963 filium
1408 1922 1462 1963 ad
1492 1927 1534 1964 te
1566 1923 1848 1977 Pamphilum.
1885 1922 1902 1976 Η
1938 1922 2018 1962 Ah.
2058 1921 2073 1974 ΙΙ

360 1992 460 2033 Sine
493 1992 648 2033 dicam:
691 2005 870 2032 uxorem
901 1991 1009 2032 hanc
1041 1991 1287 2044 priusquam
1320 1991 1455 2045 duxit,
1488 1996 1674 2033 vestrum
1706 2005 1895 2032 amorem
1925 1989 2094 2045 pertuli.

243 2061 431 2101 Vestrum
462 2074 641 2101 amorem
663 2059 850 2112 pertuli]
912 2057 1202 2106 Ἀποσιώπησις
1232 2064 1279 2100 ut
1317 2060 1360 2100 in
1392 2060 1900 2101 Heautontimorumeno:
1947 2059 2005 2099 At
2046 2070 2123 2098 ozae
2159 2057 2264 2098 illm
2300 2058 2418 2100 haud

32 2130 208 2170 inultum
239 2129 276 2169 si
306 2129 396 2169 vivo
424 2129 565 2181 ferent.
626 2128 725 2169 Non
754 2129 851 2179 iam.
883 2142 963 2169 nou
995 2131 1075 2168 tute
1106 2128 1296 2169 cohibes?
2291 2168 2294 2171 .

235 2196 376 2251 Lege:
411 2196 478 2236 Ale
504 2228 512 2236 .
535 2230 542 2237 .
568 2196 601 2250 .]
650 2195 937 2243 Ἀποσιώπησις
968 2201 1015 2237 ut
1045 2197 1088 2237 in
1120 2196 1628 2237 Heautontimorumeno:
1681 2197 1738 2236 At
1775 2209 1851 2236 παρ
1887 2195 1992 2236 illud
2023 2194 2136 2236 leand
2163 2194 2340 2236 inultum
2374 2195 2415 2235 si

35 2265 120 2306 vivo
149 2264 290 2317 ferent.
348 2264 463 2305 Nam
493 2265 579 2304 *elam
601 2294 609 2302 .
633 2296 673 2306 ..
712 2266 729 2316 Η
765 2265 864 2306 Non
895 2268 938 2306 tu
969 2268 1004 2305 te
1036 2264 1226 2305 cohibes?

1186 2403 1252 2455 Β.

503 2491 984 2545 luterpolationibus
1017 2491 1322 2546 depravatae
1354 2493 1471 2534 sunt
1503 2491 1597 2534 hae
1628 2491 1932 2533 sententiae:

998 2561 1131 2602 Andr.
1154 2561 1186 2602 I.
1214 2563 1249 2602 1.
1277 2562 1328 2602 10
1359 2575 1446 2615 sqq.

776 2628 879 2669 Feci
911 2643 933 2669 e
965 2643 1100 2681 servo,
1133 2635 1179 2669 ut
1211 2643 1323 2670 esses
1354 2629 1534 2669 libertus
1565 2628 1678 2675 mihi.

778 2697 1015 2750 Propterea
1046 2697 1158 2752 quod
1190 2697 1405 2738 serviebas
1435 2697 1679 2737 liberaliter.

236 2762 518 2816 Liberaliter]
578 2764 718 2805 Bene:
770 2765 871 2818 quia
909 2779 1033 2806 omne
1074 2765 1231 2806 bonum
1272 2766 1402 2806 libero
1435 2770 1581 2819 aptum
1613 2768 1697 2815 est,
1737 2764 1893 2804 malum
1932 2778 2067 2805 servo.
2128 2764 2248 2805 Idem
2287 2765 2410 2806 alibi:

36 2827 214 2868 Factum
245 2845 269 2868 (ι
302 2830 414 2869 vobis
448 2833 610 2871 duriter
639 2833 1127 2887 immisericorditerque:
1168 2843 1293 2888 atque
1325 2836 1446 2874 etiam
1478 2835 1516 2873 δι’
1545 2841 1615 2883 est,
1645 2840 1780 2886 pater.
1821 2833 2042 2873 dicendum
2083 2835 2215 2886 muyz's
2253 2842 2409 2887 aperte,

38 2896 306 2936 illiberaliter.
368 2898 423 2938 Et
462 2899 569 2939 bene
610 2901 847 2946 admonuit.
894 2915 968 2940 cur
1005 2901 1171 2942 dederit
1209 2902 1476 2949 beneficium,
1524 2901 1675 2942 eadem
1714 2905 1756 2941 et
1799 2912 1910 2941 nunc
1950 2901 2089 2941 officia
2127 2901 2407 2954 quaesiturus.

40 2962 164 3004 Nunc
195 2965 306 3004 enim
337 2964 436 3006 dicit
467 2968 701 3020 artificiose,
734 2969 832 3021 quia
863 2982 992 3022 supra
1023 2970 1101 3010 ait:
1134 2970 1255 3009 Naelu'l
1284 2972 1389 3009 oslac
1423 2984 1525 3022 opus
1557 2978 1613 3009 est
1645 2978 1744 3009 arte.

238 3031 444 3073 Extrema
464 3035 698 3075 sententiae
723 3036 853 3076 verba
883 3036 941 3076 sic
963 3037 1146 3089 legenda
1177 3042 1292 3078 sunt:
1340 3037 1450 3078 Non
1484 3039 1621 3079 enim
1652 3037 1799 3077 dicit:
1834 3036 2070 3088 artificiose.
2131 3035 2277 3077 Verba
2297 3050 2408 3090 quae

39 3101 272 3149 sequuntur
310 3100 408 3152 quia
448 3115 574 3154 supra
612 3103 687 3143 ait:
736 3103 871 3152 ,Nihil
910 3104 1010 3143 istac
1041 3118 1143 3155 opas
1174 3109 1233 3145 est
1265 3105 1378 3153 (trid,
1420 3110 1466 3146 ut
1497 3105 1805 3157 ostenderetur,
1853 3118 1979 3158 quem
2017 3112 2186 3145 versum
2217 3104 2409 3145 Terentii

42 3163 271 3216 respiciens
305 3173 609 3209 commentator
640 3175 817 3223 poneret
848 3170 1096 3211 adverbium
1130 3172 1395 3223 ‚a1·tificiose’,
1428 3174 1586 3214 scholio
1617 3187 1789 3227 aspersa
1820 3177 1929 3213 sunt.

1018 3251 1151 3290 Andr.
1186 3252 1242 3291 ΙΙ.
1276 3252 1313 3292 6.
1351 3252 1414 3292 16.

671 3315 890 3355 Subtristis
921 3317 1032 3357 visus
1065 3322 1127 3357 est
1160 3332 1250 3358 esse
1283 3319 1629 3373 aliquant[ul]um
1660 3321 1773 3360 mihi.

94 3440 97 3441 γ
244 3376 460 3417 Subtristis
492 3380 580 3432 ete]
642 3381 748 3421 Mire
780 3388 992 3424 servatum
1039 3390 1101 3424 est
1147 3386 1188 3425 in
1234 3386 1503 3428 adolescente
1550 3389 1683 3428 libero
1722 3392 1769 3426 To
1801 3386 1960 3441 πρέπον,
1994 3392 2035 3427 et
2066 3387 2108 3426 in
2139 3389 2326 3427 amatore
2357 3386 2407 3425 τὸ

42 3441 217 3481 msam.
277 3443 385 3484 Nam
417 3449 458 3485 et
489 3446 662 3487 honesto
694 3449 835 3489 iuveni
875 3465 956 3490 non
997 3453 1257 3503 congruebat
1299 3456 1536 3508 versipellis
1582 3455 1742 3495 vultus:
1791 3460 1832 3494 et
1869 3455 1910 3494 in
1949 3459 2137 3495 amatore
2175 3453 2406 3494 absurdum
