2560 3699
1137 230 1386 269 -7—

81 363 223 401 autem
255 357 565 399 comoediarum
596 356 797 410 inscripta
828 370 883 397 ex
914 360 1092 410 quatuor
1124 354 1250 394 rebus
1281 355 1449 395 omnino
1481 359 1704 395 sumuntur
1725 355 1850 407 etc.')‚
1881 355 2034 396 deinde
2066 355 2118 395 de
2139 355 2248 396 ludis
2270 358 2444 398 scenicis

78 427 154 479 (cf.
186 426 240 467 ib.
271 440 310 479 p.
346 425 410 476 11,
443 424 468 464 6
508 428 634 476 ,actas
672 424 848 464 diversis
886 424 994 464 ludis
1032 422 1302 463 manifestum
1344 426 1404 462 est
1441 421 1646 474 inscribi')
1685 427 1726 462 et
1757 423 1835 473 eis,
1878 436 1986 476 quae
2022 423 2074 463 ad
2112 424 2245 477 ipsam
2276 436 2445 463 scenam

79 493 369 549 pertinebant,
409 496 498 531 tum
530 491 582 532 de
613 491 822 531 actoribus
855 495 896 530 et
927 491 1139 530 variarum
1171 502 1447 542 personarum
1478 489 1757 541 vestimentis,
1796 494 2008 543 postremo
2044 488 2096 530 de
2129 504 2174 530 re
2206 491 2365 531 musica
2396 504 2444 531 ea

83 564 341 609 retractaret,
374 574 481 612 quac
514 559 556 599 in
587 558 863 599 vetustiorum
894 558 1174 610 interpretum
1205 556 1322 596 libris
1352 557 1528 611 legerat.
1577 557 1774 597 Varronis
1805 558 2100 598 auctoritatem
2129 558 2318 610 inprimis
2349 571 2446 598 eum

79 632 270 669 secutum
301 641 392 667 esse
424 626 649 667 verisimile
687 627 733 666 fit
769 626 847 665 hoc
878 625 968 665 lcco
1004 624 1137 678 praef.
1199 623 1304 664 Hec.
1338 639 1484 665 comm.
1520 624 1588 673 (cf.
1620 624 1671 665 R.
1705 638 1745 677 p.
1780 625 1844 676 13,
1877 624 1932 665 24
1962 626 2089 678 sqq.):
2124 625 2275 676 ,Docet
2305 630 2446 666 autem

95 695 221 737 Varro
252 708 392 748 neque
423 695 465 734 in
497 694 573 733 hac
605 693 750 733 fabula
780 706 918 746 neque
950 692 993 732 in
1024 692 1116 731 aliis
1148 704 1238 732 esse
1270 692 1507 732 mirandum
1539 691 1645 732 etc.'.

288 761 421 803 (smus
450 775 540 813 erqo
581 760 704 800 leuius·
739 759 1010 813 [attestationis
1048 758 1095 798 de
1126 759 1329 799 comoedia
1361 760 1443 799 loco
1474 759 1656 807 scholiis,
1698 773 1800 810 (succe
1840 759 1895 799 ml
1935 764 2114 800 nostram
2151 763 2325 800 aetatem
2347 773 2445 810 pstr-

74 833 280 880 venerunt,
313 833 393 870 tres
414 828 764 869 cowmzentallomas
785 828 1036 879 ‹mctcpose'tac
1066 835 1182 867 sunt:
1215 830 1412 867 tractatus
1434 827 1481 867 (le
1504 831 1605 880 bray.
1630 830 1666 867 cl
1687 840 1783 868 com.
1807 828 1877 879 que?
1898 831 2075 876 vocatur,
2109 828 2225 867 cuins
2246 830 2444 867 (uectorem

11 911 14 921 ³
69 900 168 948 post
197 896 354 937 Donati
384 900 555 937 aetatem
582 895 771 946 floruisse
804 895 1019 935 verisimile
1049 898 1118 941 est,
1151 894 1309 936 Donati
1341 894 1464 935 libella
1495 895 1542 935 (le
1568 895 1772 936 comoedia
1800 895 2085 947 flurs-naeniam,
2117 895 2446 936 enm-raliaacula

75 963 278 1015 quaedam
308 964 373 1005 luts-
404 964 567 1010 insoerla.
601 964 648 1004 (le
679 964 795 1003 cuias·
826 966 986 1004 (tractore
1016 963 1252 1003 ccccm-atius·
1283 963 1508 1015 quidquam
1541 963 1730 1016 z'ndayari
1762 977 1837 1004 non
1865 966 2010 1015 potest.

1231 1370 1298 1421 Β.

281 1495 449 1535 Scholia
495 1494 535 1534 in
583 1494 768 1546 quinque
811 1492 1001 1533 Terentii
1038 1493 1221 1542 fabulas,
1268 1508 1376 1546 quae
1415 1494 1619 1534 librorum
1659 1495 2041 1549 manuscriptorum
2078 1494 2452 1549 subscriptionibus

76 1561 202 1602 Aelio
234 1561 401 1602 Donato
434 1561 746 1611 attribuuntur,
788 1575 870 1601 non
912 1561 1033 1601 unius
1066 1575 1156 1601 esse
1189 1562 1431 1615 interpretis
1464 1562 1667 1612 Terentii,
1709 1562 1783 1602 sed
1814 1563 1999 1616 plurium
2030 1563 2327 1616 magistrorum
2358 1577 2452 1604 con-

74 1630 213 1670 tinere
244 1633 483 1670 commenta
513 1629 612 1669 satis
643 1629 752 1669 inter
784 1629 894 1669 viros
927 1628 1070 1669 doctos
1102 1630 1331 1678 constatsti)
1388 1630 1578 1677 Quorum
1609 1635 1830 1671 auctorum
1860 1631 2149 1671 enarrationes
2179 1630 2238 1670 ita
2268 1630 2378 1670 inter
2409 1644 2452 1671 se

75 1698 278 1739 confusae
310 1697 410 1748 sint,
451 1697 567 1737 nulla
608 1697 690 1737 alia
722 1697 884 1737 ratione
917 1697 994 1737 nisi
1026 1698 1448 1738 commentationibus
1481 1698 1561 1738 illis
1593 1698 1644 1738 de
1677 1698 1906 1751 comoedia,
1945 1713 2053 1752 quae
2085 1699 2250 1739 scholiis
2281 1703 2453 1752 antepo-

74 1766 180 1806 sitae
212 1769 325 1811 sunt,
369 1765 575 1817 explicari
614 1779 735 1818 posse
768 1765 1040 1805 Hermannus
1071 1765 1288 1806 Usenerus
1329 1766 1371 1806 in
1405 1766 1510 1806 Mus.
1544 1766 1680 1806 Rhen.
1712 1764 1880 1807 XXIII.
1913 1780 1952 1820 p.
1988 1766 2070 1807 495
2101 1780 2190 1820 sqq.
2222 1767 2453 1807 rectissime

77 1834 250 1875 monuit.
313 1833 536 1880 Quodcum
568 1847 694 1873 unam
726 1847 871 1873 earum
909 1836 1072 1886 partem
1111 1832 1164 1873 ad
1196 1833 1475 1885 Euanthium,
1523 1834 1700 1874 alteram
1741 1834 1794 1875 ad
1826 1834 2040 1875 Donatum
2078 1835 2276 1883 referret,
2327 1834 2455 1875 etiam

75 1902 169 1955 ipsa
206 1901 365 1942 scholia
405 1915 459 1942 ex
491 1902 803 1941 commentariis
841 1901 1010 1941 illorum
1040 1903 1410 1954 grammaticorum
1450 1903 1710 1955 potissimum
1742 1902 1891 1943 hausta
1922 1916 2013 1943 esse
2045 1902 2235 1943 coniecit.
2296 1902 2455 1943 Earum

81 1969 287 2011 rationem
327 1983 421 2009 cum
460 1969 583 2009 aliter
622 1983 712 2010 sese
751 1969 909 2009 habere
947 1969 1354 2015 confirmaverimus.
1401 1985 1509 2023 quae
1547 1970 1598 2011 de
1630 1971 1816 2024 ipsorum
1848 1976 2178 2011 commentorum
2210 1971 2454 2013 condicione

80 2042 210 2091 atque
242 2036 406 2089 origine
437 2036 558 2076 nobis
590 2036 812 2077 videantur
843 2036 1066 2077 statuenda
1098 2051 1201 2089 esse,
1234 2038 1316 2078 iam
1348 2038 1540 2091 proferre
1573 2039 1708 2079 liceat.

286 2105 386 2145 Tres
424 2105 732 2145 collemontarios
769 2104 910 2145 eleonis
949 2105 1112 2146 subesse
1158 2106 1264 2145 sicut
1307 2110 1390 2146 tres
1435 2107 1722 2147 enarrationes
1755 2106 1807 2147 de
1839 2105 2058 2147 comoedia
2094 2106 2154 2147 eis
2193 2109 2455 2162 antepositae

75 2176 189 2222 sunt,
222 2173 345 2213 facile
377 2173 535 2214 idcirco
567 2173 841 2226 intellegitur,
876 2173 987 2226 quod
1019 2173 1131 2214 haud
1163 2174 1308 2226 paucis
1340 2174 1379 2213 in
1415 2175 1490 2215 hac
1522 2180 1664 2215 nostra
1694 2175 1908 2227 farragine
1930 2174 2030 2215 locis
2052 2178 2200 2215 ternae
2223 2175 2274 2216 de
2297 2174 2454 2215 eisdem

78 2244 231 2292 poetae
277 2241 418 2281 verbis
463 2241 698 2281 sententiae
736 2241 936 2294 leguntur
979 2253 1116 2294 neque
1164 2256 1340 2295 usquam
1379 2243 1511 2283 maior
1550 2243 1626 2283 hoc
1666 2247 1869 2296 quantum
1907 2242 1992 2282 scio
2031 2242 2228 2283 similium
2267 2243 2376 2283 inter
2411 2256 2454 2283 se

81 2308 389 2348 sententiarum
421 2321 621 2348 numerus
653 2309 877 2349 invenitur.

286 2373 356 2415 Ad
402 2389 492 2416 rcm
538 2375 830 2416 illustrandam
876 2377 1000 2416 simul
1045 2381 1091 2417 ut
1129 2377 1283 2430 singuli
1322 2377 1614 2418 commentarii
1656 2392 1738 2431 qua
1775 2379 1937 2419 ratione
1977 2378 2086 2419 inter
2125 2393 2170 2420 se
2202 2379 2456 2419 cohaereant

78 2443 278 2496 cognosci
310 2443 452 2496 possit,
485 2444 685 2496 exempla
715 2445 917 2485 nonnulla
949 2458 1003 2485 ex
1034 2445 1280 2486 commentis
1311 2445 1467 2486 afferre
1498 2446 1635 2486 liceat.

286 2546 324 2595 1)
357 2544 426 2585 Ad
458 2545 592 2586 Andr.
621 2545 652 2585 I.
683 2547 722 2586 2.
753 2546 807 2586 33
840 2546 969 2598 ‚Nihil
1001 2561 1067 2587 me
1099 2545 1221 2587 fallis'
1255 2547 1335 2587 tria
1366 2547 1471 2588 haec
1501 2548 1659 2588 scholia
1690 2548 1912 2601 leguntur:

194 2714 272 2754 Nz'l
292 2727 355 2754 mc
374 2714 520 2767 fallis]
567 2715 663 2755 Non
695 2720 736 2756 te
762 2716 926 2769 ignoro,
960 2730 1043 2756 non
1074 2730 1141 2757 me
1165 2716 1236 2756 (le-
1420 2716 1588 2770 Fama]
1636 2717 1777 2769 Lates,
1811 2722 1856 2758 ut
1887 2718 1965 2758 sic:
1999 2713 2114 2757 οὐδέν
2146 2731 2194 2772 με
2226 2716 2411 2763 λέλ·[,ῗ)γ.ς.

80 2780 198 2833 cipis.
232 2781 301 2823 Sic
318 2781 573 2823 Menander:
597 2784 676 2821 νυνὶ
699 2784 765 2822 καὶ
783 2778 1090 2832 0»3‹51:¹2>.2'>.·r.{›2‘‹.;
1108 2799 1156 2840 με
1176 2800 1232 2822 22.

759 2964 809 3004 Ν
809 2965 838 3004 ll
858 2979 920 3004 me
939 2965 1085 3018 sicllia]
1134 2965 1294 3017 Figura
1315 2976 1377 3006 est
1400 2967 1643 3020 ἑλλ-ηνισμός,
1666 2981 1690 3007 a
1712 2967 1803 3007 loco

793 3025 849 3042 ‚NJ
1066 3033 1074 3049 (
1105 3033 1110 3043 Ι
1238 3031 1252 3043 ,s

760 3032 874 3071 ουὸεν
907 3047 954 3086 με
985 3034 1197 3079 λανύκνοις
1230 3048 1288 3072 αν.

286 3184 322 3227 ÷²)
348 3185 464 3219 Multa
486 3186 604 3220 inesse
629 3188 664 3221 in
691 3189 894 3222 commentis
920 3200 941 3222 a
966 3189 1106 3223 Donato
1131 3190 1248 3223 aliena
1273 3191 1408 3233 primus
1435 3191 1608 3234 sagaciter
1635 3191 1753 3225 docuit
1775 3190 1976 3224 Ludovicus
1995 3190 2202 3234 Schopenus
2227 3191 2263 3223 in
2290 3190 2456 3224 disserta-

80 3239 180 3274 tione
206 3240 249 3274 de
275 3241 443 3275 Terentio
469 3247 504 3276 et
530 3243 677 3287 Donato,
704 3245 817 3279 Bonn.
845 3246 931 3279 1821
959 3247 1005 3289 (p.
1031 3247 1197 3289 31—50*);
1236 3247 1368 3281 Donati
1398 3248 1492 3290 leges
1519 3247 1562 3281 de
1587 3248 1707 3291 figuris
1733 3253 1768 3280 et
1793 3247 1885 3280 vitiis
1912 3247 2084 3280 orationis
2111 3257 2201 3289 quae
2226 3253 2395 3281 vocantur
2420 3247 2455 3280 in

85 3300 163 3330 arte
189 3297 367 3332 exhibitas
392 3309 517 3342 magno
543 3300 755 3334 scholiorum
782 3311 926 3335 numero
952 3313 1098 3345 prorsus
1121 3303 1301 3346 neglectas
1320 3314 1397 3337 esse
1415 3308 1579 3337 accurate
1600 3305 1754 3338 ostendit
1771 3305 1827 3337 W.
1843 3304 2006 3337 Hahnius
2025 3303 2162 3337 duobus
2181 3303 2456 3347 programmatis,

80 3362 176 3443 quasi
200 3353 442 3389 inscribuntur
469 3356 561 3396 „Zur
586 3357 1037 3402 Entstehungsgeschichte
1064 3359 1127 3393 der
1153 3360 1318 3394 Scholien
1344 3360 1407 3393 des
1434 3360 1550 3393 Donat
1576 3371 1653 3393 zum
1679 3361 1825 3404 Terenz,
1854 3361 1879 3394 Ι.
1907 3360 2137 3394 Halberstadt
2155 3361 2254 3403 1570,
2279 3359 2324 3393 ΙΙ.
2348 3359 2457 3393 Stral-

81 3418 150 3442 sun
205 3411 324 3445 1872“.
